% -- include here the bibtex style bibliography items for your section

@article{Boveia:2016mrp,
      author         = "Busoni, Giorgio and others",
      title          = "{Recommendations on presenting LHC searches for missing
                        transverse energy signals using simplified $s$-channel
                        models of dark matter}",
      year           = "2016",
      eprint         = "1603.04156",
      archivePrefix  = "arXiv",
      primaryClass   = "hep-ex",
      reportNumber   = "CERN-LPCC-2016-001, FERMILAB-FN-1009-CD",
      SLACcitation   = "%%CITATION = ARXIV:1603.04156;%%"
}

@article{Patt:2006fw,
      author         = "Patt, Brian and Wilczek, Frank",
      title          = "{Higgs-field portal into hidden sectors}",
      year           = "2006",
      eprint         = "hep-ph/0605188",
      archivePrefix  = "arXiv",
      primaryClass   = "hep-ph",
      reportNumber   = "MIT-CTP-3745",
      SLACcitation   = "%%CITATION = HEP-PH/0605188;%%"
}

@article{Englert:2011yb,
      author         = "Englert, Christoph and others",
      title          = "{Exploring the Higgs portal}",
      journal        = "Phys. Lett.",
      volume         = "B703",
      year           = "2011",
      pages          = "298-305",
      doi            = "10.1016/j.physletb.2011.08.002",
      eprint         = "1106.3097",
      archivePrefix  = "arXiv",
      primaryClass   = "hep-ph",
      SLACcitation   = "%%CITATION = ARXIV:1106.3097;%%"
}

@article{Carpenter:2016thc,
      author         = "Carpenter, Linda M. et al",
      title          = "{Indirect Detection Constraints on s and t Channel
                        Simplified Models of Dark Matter}",
      journal        = "Phys. Rev.",
      volume         = "D94",
      year           = "2016",
      number         = "5",
      pages          = "055027",
      doi            = "10.1103/PhysRevD.94.055027",
      eprint         = "1606.04138",
      archivePrefix  = "arXiv",
      primaryClass   = "hep-ph",
      SLACcitation   = "%%CITATION = ARXIV:1606.04138;%%"
}

%%% contains utf-8, see: https://inspirehep.net/info/faq/general#utf8
%%% add \usepackage[utf8]{inputenc} to your latex preamble

@article{Hoferichter:2017olk,
      author         = "Hoferichter, Martin and Klos, Philipp and Menendez,
                        Javier and Schwenk, Achim",
      title          = "{Improved limits for Higgs-portal dark matter from LHC
                        searches}",
      journal        = "Phys. Rev. Lett.",
      volume         = "119",
      year           = "2017",
      number         = "18",
      pages          = "181803",
      doi            = "10.1103/PhysRevLett.119.181803",
      eprint         = "1708.02245",
      archivePrefix  = "arXiv",
      primaryClass   = "hep-ph",
      reportNumber   = "INT-PUB-17-031",
      SLACcitation   = "%%CITATION = ARXIV:1708.02245;%%"
}

@article{Djouadi:2011aa,
      author         = "Djouadi, Abdelhak and others",
      title          = "{Implications of LHC searches for Higgs--portal dark
                        matter}",
      journal        = "Phys. Lett.",
      volume         = "B709",
      year           = "2012",
      pages          = "65-69",
      doi            = "10.1016/j.physletb.2012.01.062",
      eprint         = "1112.3299",
      archivePrefix  = "arXiv",
      primaryClass   = "hep-ph",
      reportNumber   = "DESY-11-240, LPT-ORSAY-11-117",
      SLACcitation   = "%%CITATION = ARXIV:1112.3299;%%"
}

@article{Fox:2011pm,
      author         = "Fox, Patrick J. and others",
      title          = "{Missing Energy Signatures of Dark Matter at the LHC}",
      journal        = "Phys. Rev.",
      volume         = "D85",
      year           = "2012",
      pages          = "056011",
      doi            = "10.1103/PhysRevD.85.056011",
      eprint         = "1109.4398",
      archivePrefix  = "arXiv",
      primaryClass   = "hep-ph",
      reportNumber   = "FERMILAB-PUB-11-478-T",
      SLACcitation   = "%%CITATION = ARXIV:1109.4398;%%"
}
@article{Rinchiuso:2018ajn,
      author         = "Rinchiuso, Lucia and Rodd, Nicholas L. and Moult, Ian and
                        Moulin, Emmanuel and Baumgart, Matthew and Cohen, Timothy
                        and Slatyer, Tracy R. and Stewart, Iain W. and Vaidya,
                        Varun",
      title          = "{Hunting for Heavy Winos in the Galactic Center}",
      journal        = "Phys. Rev.",
      volume         = "D98",
      year           = "2018",
      number         = "12",
      pages          = "123014",
      doi            = "10.1103/PhysRevD.98.123014",
      eprint         = "1808.04388",
      archivePrefix  = "arXiv",
      primaryClass   = "astro-ph.HE",
      reportNumber   = "IRFU-18-18, MIT-CTP 5041, LA-UR-18-28196",
      SLACcitation   = "%%CITATION = ARXIV:1808.04388;%%"
}