 @book{Mangano:2270978,
      author        = "Mangano, Michelangelo",
      title         = "{Physics at the FCC-hh, a 100 TeV pp collider}",
      publisher     = "CERN",
      address       = "Geneva",
      series        = "CERN Yellow Reports: Monographs",
      year          = "2017",
      url           = "https://cds.cern.ch/record/2270978",
}
@book{Ides159,
      author        = "Oliver Br{\"u}ing and Max Klein",
      title         = "{Exploring the Energy Frontier with Deep Inelastic Scattering at the LHC}",
      collaboration  = "LHeC and PERLE",
      publisher     = "CERN",
      address       = "Geneva",
      year          = "2018",
      eprint         = "CERN LHeC-Note-001-2018",
      url           = "https://indico.cern.ch/event/765096/contributions/3296015/",
}
@article{Ade:2015xua,
      author         = "Ade, P. A. R. and others",
      title          = "{Planck 2015 results. XIII. Cosmological parameters}",
      collaboration  = "Planck",
      journal        = "Astron. Astrophys.",
      volume         = "594",
      year           = "2016",
      pages          = "A13",
      doi            = "10.1051/0004-6361/201525830",
      eprint         = "1502.01589",
      archivePrefix  = "arXiv",
      primaryClass   = "astro-ph.CO",
      SLACcitation   = "%%CITATION = ARXIV:1502.01589;%%"
}
@article{DIRAC:2016rpv,
      author         = "Adeva, B. and others",
      title          = "{Observation of $\pi^- K^+$ and $\pi^+ K^-$ atoms}",
      collaboration  = "DIRAC",
      journal        = "Phys. Rev. Lett.",
      volume         = "117",
      year           = "2016",
      number         = "11",
      pages          = "112001",
      doi            = "10.1103/PhysRevLett.117.112001",
      eprint         = "1605.06103",
      archivePrefix  = "arXiv",
      primaryClass   = "hep-ex",
      reportNumber   = "CERN-EP-2016-128",
      SLACcitation   = "%%CITATION = ARXIV:1605.06103;%%"
}
@article{Adeva:2018fwr,
      author         = "Adeva, B. and others",
      title          = "{First measurement of a long-lived $\pi^+\pi^-$ atom lifetime}",
      collaboration  = "DIRAC",
      journal        = "Phys. Rev. Lett.",
      volume         = "122",
      year           = "2019",
      number         = "8",
      pages          = "082003",
      doi            = "10.1103/PhysRevLett.122.082003",
      eprint         = "1811.08659",
      archivePrefix  = "arXiv",
      primaryClass   = "hep-ex",
      reportNumber   = "CERN-EP-2018-281",
      SLACcitation   = "%%CITATION = ARXIV:1811.08659;%%"
}
@incollection{Klein:2018rhq,
       author         = "Klein, Max",
       title          = "{Future Deep Inelastic Scattering with the LHeC}",
       editor         = "Levy, Aharon and Forte, Stefano and Ridolfi, Giovanni",
       booktitle      = "From My Vast Repertoire ...: Guido Altarelli's Legacy",
       year           = "2019",
       pages          = "303-347",
       doi            = "10.1142/9789813238053_0015",
       eprint         = "1802.04317",
       archivePrefix  = "arXiv",
       primaryClass   = "hep-ph",
       SLACcitation   = "%%CITATION = ARXIV:1802.04317;%%"
}
@article{Andronic:2015wma,
      author         = "Andronic, A. and others",
      title          = "{Heavy-flavour and quarkonium production in the LHC era:
                        from proton-proton to heavy-ion collisions}",
      journal        = "Eur. Phys. J. C",
      volume         = "76",
      year           = "2016",
      number         = "3",
      pages          = "107",
      doi            = "10.1140/epjc/s10052-015-3819-5",
      eprint         = "1506.03981",
      archivePrefix  = "arXiv",
      primaryClass   = "nucl-ex",
      SLACcitation   = "%%CITATION = ARXIV:1506.03981;%%"
}

@article{Niemi:2015qia,
      author         = "Niemi, H. and Eskola, K. J. and Paatelainen, R.",
      title          = "{Event-by-event fluctuations in a perturbative QCD +
                        saturation + hydrodynamics model: Determining QCD matter
                        shear viscosity in ultrarelativistic heavy-ion
                        collisions}",
      journal        = "Phys. Rev. C",
      volume         = "93",
      year           = "2016",
      number         = "2",
      pages          = "024907",
      doi            = "10.1103/PhysRevC.93.024907",
      eprint         = "1505.02677",
      archivePrefix  = "arXiv",
      primaryClass   = "hep-ph",
      SLACcitation   = "%%CITATION = ARXIV:1505.02677;%%"
}

@article{Schenke:2012wb,
      author         = "Schenke, Bjoern and Tribedy, Prithwish and Venugopalan,
                        Raju",
      title          = "{Fluctuating Glasma initial conditions and flow in heavy
                        ion collisions}",
      journal        = "Phys. Rev. Lett.",
      volume         = "108",
      year           = "2012",
      pages          = "252301",
      doi            = "10.1103/PhysRevLett.108.252301",
      eprint         = "1202.6646",
      archivePrefix  = "arXiv",
      primaryClass   = "nucl-th",
      SLACcitation   = "%%CITATION = ARXIV:1202.6646;%%"
}

@book{Romatschke:2017ejr,
      author         = "Romatschke, Paul and Romatschke, Ulrike",
      title          = "{Relativistic Fluid Dynamics In and Out of Equilibrium}",
      publisher      = "Cambridge University Press",
      year           = "2019",
      series         = "Cambridge Monographs on Mathematical Physics",
      eprint         = "1712.05815",
      archivePrefix  = "arXiv",
      primaryClass   = "nucl-th",
      ISBN           = "9781108483681, 9781108750028",
      SLACcitation   = "%%CITATION = ARXIV:1712.05815;%%"
}

@article{AbelleiraFernandez:2012cc,
      author         = "Abelleira Fernandez, J. L. and others",
      title          = "{A Large Hadron Electron Collider at CERN: Report on the
                        Physics and Design Concepts for Machine and Detector}",
      collaboration  = "LHeC Study Group",
      journal        = "J. Phys.",
      volume         = "G39",
      year           = "2012",
      pages          = "075001",
      doi            = "10.1088/0954-3899/39/7/075001",
      eprint         = "1206.2913",
      archivePrefix  = "arXiv",
      primaryClass   = "physics.acc-ph",
      reportNumber   = "SLAC-R-999, CERN-OPEN-2012-015, LHEC-NOTE-2012-001-GEN",
      SLACcitation   = "%%CITATION = ARXIV:1206.2913;%%"
}

@article{Benedikt:2018csr,
      author         = "Abada, A. and others",
      title          = "{Future Circular Collider Study}",
      collaboration  = "FCC",
      journal        = "Eur. Phys. J.",
      volume         = "ST228",
      year           = "2019",
      number         = "4",
      pages          = "755-1107",
      doi            = "10.1140/epjst/e2019-900087-0",
      reportNumber   = "CERN-ACC-2018-0058",
      SLACcitation   = "%%CITATION = 00619,228,755;%%"
}

@article{Accardi:2012qut,
      author         = "Accardi, A. and others",
      editor         = "Deshpande, A. and Meziani, Z. E. and Qiu, J. W.",
      title          = "{Electron Ion Collider: The Next QCD Frontier}",
      journal        = "Eur. Phys. J.",
      volume         = "A52",
      year           = "2016",
      number         = "9",
      pages          = "268",
      doi            = "10.1140/epja/i2016-16268-9",
      eprint         = "1212.1701",
      archivePrefix  = "arXiv",
      primaryClass   = "nucl-ex",
      reportNumber   = "BNL-98815-2012-JA, JLAB-PHY-12-1652",
      SLACcitation   = "%%CITATION = ARXIV:1212.1701;%%"
}

@article{Chen:2018wyz,
      author         = "Chen, Xurong",
      title          = "{A Plan for Electron Ion Collider in China}",
      booktitle      = "{Proceedings, 26th International Workshop on Deep
                        Inelastic Scattering and Related Subjects (DIS 2018): Port
                        Island, Kobe, Japan, April 16-20, 2018}",
      journal        = "PoS",
      volume         = "DIS2018",
      year           = "2018",
      pages          = "170",
      doi            = "10.22323/1.316.0170",
      eprint         = "1809.00448",
      archivePrefix  = "arXiv",
      primaryClass   = "nucl-ex",
      SLACcitation   = "%%CITATION = ARXIV:1809.00448;%%"
}

@article{Khalek:2018mdn,
      author         = "Abdul Khalek, Rabah and Bailey, Shaun and Gao, Jun and
                        Harland-Lang, Lucian and Rojo, Juan",
      title          = "{Towards Ultimate Parton Distributions at the
                        High-Luminosity LHC}",
      journal        = "Eur. Phys. J.",
      volume         = "C78",
      year           = "2018",
      number         = "11",
      pages          = "962",
      doi            = "10.1140/epjc/s10052-018-6448-y",
      eprint         = "1810.03639",
      archivePrefix  = "arXiv",
      primaryClass   = "hep-ph",
      reportNumber   = "Nikhef/2018-041",
      SLACcitation   = "%%CITATION = ARXIV:1810.03639;%%"
}
@article{Andronic:2017pug,
      author         = "Andronic, Anton and Braun-Munzinger, Peter and Redlich,
                        Krzysztof and Stachel, Johanna",
      title          = "{Decoding the phase structure of QCD via particle
                        production at high energy}",
      journal        = "Nature",
      volume         = "561",
      year           = "2018",
      number         = "7723",
      pages          = "321-330",
      doi            = "10.1038/s41586-018-0491-6",
      eprint         = "1710.09425",
      archivePrefix  = "arXiv",
      primaryClass   = "nucl-th",
      SLACcitation   = "%%CITATION = ARXIV:1710.09425;%%"
}
@article{Bazavov:2018mes,
      author         = "Bazavov, A. and others",
      title          = "{Chiral crossover in QCD at zero and non-zero chemical potentials}",
      collaboration  = "HotQCD",
      journal        = "Phys. Lett.",
      volume         = "B795",
      year           = "2019",
      pages          = "15-21",
      doi            = "10.1016/j.physletb.2019.05.013",
      eprint         = "1812.08235",
      archivePrefix  = "arXiv",
      primaryClass   = "hep-lat",
      SLACcitation   = "%%CITATION = ARXIV:1812.08235;%%"
}

@article{Antinori:2019hag,
      author         = "Antinori, Federico and others",
      title          = "{Thoughts on opportunities in high-energy nuclear collisions}",
      year           = "2019",
      eprint         = "1903.04289",
      archivePrefix  = "arXiv",
      primaryClass   = "hep-ph",
      SLACcitation   = "%%CITATION = ARXIV:1903.04289;%%"
}
@inproceedings{Citron:2018lsq,
      author         = "Citron, Z. and others",
      title          = "{Future physics opportunities for high-density QCD at the
                        LHC with heavy-ion and proton beams}",
      booktitle      = "{HL/HE-LHC Workshop: Workshop on the Physics of HL-LHC, and Perspectives at HE-LHC Geneva, Switzerland, June
                        18-20, 2018}",
      year           = "2018",
      eprint         = "1812.06772",
      archivePrefix  = "arXiv",
      primaryClass   = "hep-ph",
      reportNumber   = "CERN-LPCC-2018-07",
      SLACcitation   = "%%CITATION = ARXIV:1812.06772;%%"
}

@article{AbdulKhalek:2019mzd,
      author         = "Abdul Khalek, Rabah and Ethier, Jacob J. and Rojo, Juan",
      title          = "{Nuclear parton distributions from lepton-nucleus scattering and the impact of an electron-ion collider}",
      collaboration  = "NNPDF",
      journal        = "Eur. Phys. J.",
      volume         = "C79",
      year           = "2019",
      number         = "6",
      pages          = "471",
      doi            = "10.1140/epjc/s10052-019-6983-1",
      eprint         = "1904.00018",
      archivePrefix  = "arXiv",
      primaryClass   = "hep-ph",
      reportNumber   = "Nikhef-2019-005",
      SLACcitation   = "%%CITATION = ARXIV:1904.00018;%%"
}
@article{Adamova:2019vkf,
      author         = "Adamov{\'a}, D. and others",
      title          = "{A next-generation LHC heavy-ion experiment}",
      year           = "2019",
      eprint         = "1902.01211",
      archivePrefix  = "arXiv",
      primaryClass   = "physics.ins-det",
      SLACcitation   = "%%CITATION = ARXIV:1902.01211;%%"
}

@article{Dainese:2016gch,
      author         = "Dainese, A. and others",
      title          = "{Heavy ions at the Future Circular Collider}",
      journal        = "CERN Yellow Rep.",
      year           = "2017",
      number         = "3",
      pages          = "635-692",
      doi            = "10.23731/CYRM-2017-003.635",
      eprint         = "1605.01389",
      archivePrefix  = "arXiv",
      primaryClass   = "hep-ph",
      reportNumber   = "CERN-TH-2016-107",
      SLACcitation   = "%%CITATION = ARXIV:1605.01389;%%"
}

@article{Ablyazimov:2017guv,
      author         = "Ablyazimov, T. and others",
      title          = "{Challenges in QCD matter physics --The scientific
                        programme of the Compressed Baryonic Matter experiment at
                        FAIR}",
      collaboration  = "CBM",
      journal        = "Eur. Phys. J.",
      volume         = "A53",
      year           = "2017",
      number         = "3",
      pages          = "60",
      doi            = "10.1140/epja/i2017-12248-y",
      eprint         = "1607.01487",
      archivePrefix  = "arXiv",
      primaryClass   = "nucl-ex",
      SLACcitation   = "%%CITATION = ARXIV:1607.01487;%%"
}

@article{Bzdak:2019pkr,
      author         = "Bzdak, Adam and Esumi, Shinichi and Koch, Volker and
                        Liao, Jinfeng and Stephanov, Mikhail and Xu, Nu",
      title          = "{Mapping the Phases of Quantum Chromodynamics with Beam
                        Energy Scan}",
      year           = "2019",
      eprint         = "1906.00936",
      archivePrefix  = "arXiv",
      primaryClass   = "nucl-th",
      SLACcitation   = "%%CITATION = ARXIV:1906.00936;%%"
}

@article{Hadjidakis:2018ifr,
      author         = "Hadjidakis, C. and others",
      title          = "{A Fixed-Target Programme at the LHC: Physics Case and
                        Projected Performances for Heavy-Ion, Hadron, Spin and
                        Astroparticle Studies}",
      year           = "2018",
      eprint         = "1807.00603",
      archivePrefix  = "arXiv",
      primaryClass   = "hep-ex",
      reportNumber   = "IFJPAN-IV-2018-11, JLAB-THY-18-2756, SLAC-PUB-17291",
      SLACcitation   = "%%CITATION = ARXIV:1807.00603;%%"
}
@article{Dainese:2019xrz,
      author         = "Dainese, A. and others",
      title          = "{Physics Beyond Colliders: QCD Working Group Report}",
      collaboration  = "QCD Working Group",
      year           = "2019",
      eprint         = "1901.04482",
      archivePrefix  = "arXiv",
      primaryClass   = "hep-ex",
      reportNumber   = "CERN-PBC-REPORT-2018-008",
      SLACcitation   = "%%CITATION = ARXIV:1901.04482;%%"
}
@article{Quigg:2013lya,
     author         = "Quigg, Chris",
     title          = "{DIS and Beyond}",
     booktitle      = "{Proceedings, 21st International Workshop on
                       Deep-Inelastic Scattering and Related Subjects (DIS 2013):
                       Marseilles, France, April 22-26, 2013}",
     journal        = "PoS",
     volume         = "DIS2013",
     year           = "2013",
     pages          = "034",
     doi            = "10.22323/1.191.0034",
     eprint         = "1308.6637",
     archivePrefix  = "arXiv",
     primaryClass   = "hep-ph",
     reportNumber   = "FERMILAB-CONF-13-225-T",
     SLACcitation   = "%%CITATION = ARXIV:1308.6637;%%"
}
@article{Jaffe:2000ne,
     author         = "Jaffe, Arthur M. and Witten, Edward",
     title          = "{Quantum Yang-Mills Theory}",
     year           = "2000",
     SLACcitation   = "%%CITATION = INSPIRE-540132;%%"
}
@article{Patrignani:2016xqp,
     author         = "Patrignani, C. and others",
     title          = "{Review of Particle Physics}",
     collaboration  = "Particle Data Group",
     journal        = "Chin. Phys.",
     volume         = "C40",
     year           = "2016",
     number         = "10",
     pages          = "100001",
     doi            = "10.1088/1674-1137/40/10/100001",
     SLACcitation   = "%%CITATION = CHPHD,C40,100001;%%"
}
@article{Bethke:2017uli,
     author         = "Bethke, S.",
     title          = "{$\alpha_s$ 2016}",
     booktitle      = "{Proceedings, 19th International Conference in Quantum
                       Chromodynamics  (QCD 16): Montpellier, France, July 49,
                       2016}",
     journal        = "Nucl. Part. Phys. Proc.",
     volume         = "282-284",
     year           = "2017",
     pages          = "149-152",
     doi            = "10.1016/j.nuclphysbps.2016.12.028",
     SLACcitation   = "%%CITATION = INSPIRE-1518241;%%"
}
@article{Aoki:2016frl,
     author         = "Aoki, S. and others",
     title          = "{Review of lattice results concerning low-energy particle
                       physics}",
     journal        = "Eur. Phys. J.",
     volume         = "C77",
     year           = "2017",
     number         = "2",
     pages          = "112",
     doi            = "10.1140/epjc/s10052-016-4509-7",
     eprint         = "1607.00299",
     archivePrefix  = "arXiv",
     primaryClass   = "hep-lat",
     reportNumber   = "CP3-Origins-2016-023-DNRF90, DESY-16-111, DIAS-2016-23,
                       Edinburgh-2016-11, FTUAM-16-23, HIM-2016-02,
                       IFT-UAM-CSIC-16-057, LPT-Orsay-16-47, MITP-16-059,
                       RM3-TH-16-7, ROM2F-2016-05, YITP-16-77",
     SLACcitation   = "%%CITATION = ARXIV:1607.00299;%%"
}
@article{Bruening:2013bga,
     author         = "Bruening, Oliver and Klein, Max",
     title          = "{The Large Hadron Electron Collider}",
     journal        = "Mod. Phys. Lett.",
     volume         = "A28",
     year           = "2013",
     number         = "16",
     pages          = "1330011",
     doi            = "10.1142/S0217732313300115",
     eprint         = "1305.2090",
     archivePrefix  = "arXiv",
     primaryClass   = "physics.acc-ph",
     reportNumber   = "LHEC-NOTE-2013-001-GEN",
     SLACcitation   = "%%CITATION = ARXIV:1305.2090;%%"
}
ID159: M. Klein et al., "Exploring the Energy Frontier with Deep Inelastic Scattering at the LHC"
ID147: A. Stocchi et al., "PERLE : A High Power Energy Recovery Facility for Europe"
@article{Azzi:2019yne,
      author         = "Azzi, P. and others",
      title          = "{Standard Model Physics at the HL-LHC and HE-LHC}",
      collaboration  = "HL-LHC, HE-LHC Working Group",
      year           = "2019",
      eprint         = "1902.04070",
      archivePrefix  = "arXiv",
      primaryClass   = "hep-ph",
      reportNumber   = "CERN-LPCC-2018-03",
      SLACcitation   = "%%CITATION = ARXIV:1902.04070;%%"
}
@article{Boughezal:2015dva,
      author         = "Boughezal, Radja and Focke, Christfried and Liu, Xiaohui
                        and Petriello, Frank",
      title          = "{$W$-boson production in association with a jet at
                        next-to-next-to-leading order in perturbative QCD}",
      journal        = "Phys. Rev. Lett.",
      volume         = "115",
      year           = "2015",
      number         = "6",
      pages          = "062002",
      doi            = "10.1103/PhysRevLett.115.062002",
      eprint         = "1504.02131",
      archivePrefix  = "arXiv",
      primaryClass   = "hep-ph",
      SLACcitation   = "%%CITATION = ARXIV:1504.02131;%%"
}
@article{Ridder:2015dxa,
      author         = "Gehrmann-De Ridder, A. and Gehrmann, T. and Glover, E. W.
                        N. and Huss, A. and Morgan, T. A.",
      title          = "{Precise QCD predictions for the production of a Z boson
                        in association with a hadronic jet}",
      journal        = "Phys. Rev. Lett.",
      volume         = "117",
      year           = "2016",
      number         = "2",
      pages          = "022001",
      doi            = "10.1103/PhysRevLett.117.022001",
      eprint         = "1507.02850",
      archivePrefix  = "arXiv",
      primaryClass   = "hep-ph",
      reportNumber   = "IPPP-15-44, ZU-TH-23-15",
      SLACcitation   = "%%CITATION = ARXIV:1507.02850;%%"
}
@article{Czakon:2015owf,
      author         = "Czakon, Michal and Heymes, David and Mitov, Alexander",
      title          = "{High-precision differential predictions for top-quark
                        pairs at the LHC}",
      journal        = "Phys. Rev. Lett.",
      volume         = "116",
      year           = "2016",
      number         = "8",
      pages          = "082003",
      doi            = "10.1103/PhysRevLett.116.082003",
      eprint         = "1511.00549",
      archivePrefix  = "arXiv",
      primaryClass   = "hep-ph",
      reportNumber   = "CAVENDISH-HEP-15-10, TTK-15-34",
      SLACcitation   = "%%CITATION = ARXIV:1511.00549;%%"
}
@article{Czakon:2016dgf,
      author         = "Czakon, Michal and Heymes, David and Mitov, Alexander",
      title          = "{Dynamical scales for multi-TeV top-pair production at
                        the LHC}",
      journal        = "JHEP",
      volume         = "04",
      year           = "2017",
      pages          = "071",
      doi            = "10.1007/JHEP04(2017)071",
      eprint         = "1606.03350",
      archivePrefix  = "arXiv",
      primaryClass   = "hep-ph",
      reportNumber   = "CAVENDISH-HEP-16-08, TTK-16-21",
      SLACcitation   = "%%CITATION = ARXIV:1606.03350;%%"
}
@article{Currie:2013dwa,
      author         = "Currie, James and Gehrmann-De Ridder, Aude and Glover, E.
                        W. N. and Pires, Joao",
      title          = "{NNLO QCD corrections to jet production at hadron
                        colliders from gluon scattering}",
      journal        = "JHEP",
      volume         = "01",
      year           = "2014",
      pages          = "110",
      doi            = "10.1007/JHEP01(2014)110",
      eprint         = "1310.3993",
      archivePrefix  = "arXiv",
      primaryClass   = "hep-ph",
      reportNumber   = "IPPP-13-87, LPN13-073, ZU-TH-24-13",
      SLACcitation   = "%%CITATION = ARXIV:1310.3993;%%"
}
@article{Currie:2016bfm,
      author         = "Currie, J and Glover, E. W. N. and Pires, J",
      title          = "{Next-to-Next-to Leading Order QCD Predictions for Single
                        Jet Inclusive Production at the LHC}",
      journal        = "Phys. Rev. Lett.",
      volume         = "118",
      year           = "2017",
      number         = "7",
      pages          = "072002",
      doi            = "10.1103/PhysRevLett.118.072002",
      eprint         = "1611.01460",
      archivePrefix  = "arXiv",
      primaryClass   = "hep-ph",
      reportNumber   = "IPPP-16-110, MPP-2016-322",
      SLACcitation   = "%%CITATION = ARXIV:1611.01460;%%"
}
@article{Dulat:2018bfe,
     author         = "Dulat, Falko and Mistlberger, Bernhard and Pelloni, Andrea",
     title          = "{Precision predictions at N$^3$LO for the Higgs boson rapidity distribution at the LHC}",
     journal        = "Phys. Rev.",
     volume         = "D99",
     year           = "2019",
     number         = "3",
     pages          = "034004",
     doi            = "10.1103/PhysRevD.99.034004",
     eprint         = "1810.09462",
     archivePrefix  = "arXiv",
     primaryClass   = "hep-ph",
     reportNumber   = "SLAC-PUB-17342, MIT-CTP/5072",
     SLACcitation   = "%%CITATION = ARXIV:1810.09462;%%"
}
@Booklet{ATL-Wmass,
   author         = "{ATLAS Collaboration}",
   title          = "{Prospects for the measurement of the W boson mass at the HL and HE LHC}",
   howpublished   = "{ATL-PHYS-PUB-2018-026}",
   url            = "http://cdsweb.cern.ch/record/2645431",
}
@Booklet{ATL,
   author         = "{ATLAS Collaboration}",
   title          = "{Weak Mixing Angle in $pp \rightarrow Z/\gamma∗→e^+e^−$ events with the ATLAS detector at the High Luminosity Large Hadron Collider}",
   howpublished   = "{ATL-PHYS-PUB-2018-037}",
   url            = "http://cdsweb.cern.ch/record/2649330",
}
@article{Anastasiou:2015ema,
      author         = "Anastasiou, Charalampos and Duhr, Claude and Dulat, Falko and Herzog, Franz and Mistlberger, Bernhard",
      title          = "{Higgs Boson Gluon-Fusion Production in QCD at Three Loops}",
      journal        = "Phys. Rev. Lett.",
      volume         = "114",
      year           = "2015",
      pages          = "212001",
      doi            = "10.1103/PhysRevLett.114.212001",
      eprint         = "1503.06056",
      archivePrefix  = "arXiv",
      primaryClass   = "hep-ph",
      reportNumber   = "CERN-PH-TH-2015-055, CP3-15-07",
      SLACcitation   = "%%CITATION = ARXIV:1503.06056;%%"
}
@article{Mistlberger:2018etf,
      author         = "Mistlberger, Bernhard",
      title          = "{Higgs boson production at hadron colliders at N$^{3}$LO in QCD}",
      journal        = "JHEP",
      volume         = "05",
      year           = "2018",
      pages          = "028",
      doi            = "10.1007/JHEP05(2018)028",
      eprint         = "1802.00833",
      archivePrefix  = "arXiv",
      primaryClass   = "hep-ph",
      reportNumber   = "CERN-TH-2018-018",
      SLACcitation   = "%%CITATION = ARXIV:1802.00833;%%"
}
@article{Dreyer:2016oyx,
      author         = "Dreyer, Frédéric A. and Karlberg, Alexander",
      title          = "{Vector-Boson Fusion Higgs Production at Three Loops in
                        QCD}",
      journal        = "Phys. Rev. Lett.",
      volume         = "117",
      year           = "2016",
      number         = "7",
      pages          = "072001",
      doi            = "10.1103/PhysRevLett.117.072001",
      eprint         = "1606.00840",
      archivePrefix  = "arXiv",
      primaryClass   = "hep-ph",
      reportNumber   = "CERN-TH-2016-127, OUTP-16-12P",
      SLACcitation   = "%%CITATION = ARXIV:1606.00840;%%"
}
@article{Dulat:2017prg,
      author         = "Dulat, Falko and Mistlberger, Bernhard and Pelloni,
                        Andrea",
      title          = "{Differential Higgs production at N$^{3}$LO beyond
                        threshold}",
      journal        = "JHEP",
      volume         = "01",
      year           = "2018",
      pages          = "145",
      doi            = "10.1007/JHEP01(2018)145",
      eprint         = "1710.03016",
      archivePrefix  = "arXiv",
      primaryClass   = "hep-ph",
      reportNumber   = "CERN-TH-2017-200, SLAC-PUB-17158",
      SLACcitation   = "%%CITATION = ARXIV:1710.03016;%%"
}

@article{Cieri:2018oms,
      author         = "Cieri, Leandro and Chen, Xuan and Gehrmann, Thomas and
                        Glover, E. W. N. and Huss, Alexander",
      title          = "{Higgs boson production at the LHC using the $q_T$
                        subtraction formalism at N$^3$LO QCD}",
      journal        = "JHEP",
      volume         = "02",
      year           = "2019",
      pages          = "096",
      doi            = "10.1007/JHEP02(2019)096",
      eprint         = "1807.11501",
      archivePrefix  = "arXiv",
      primaryClass   = "hep-ph",
      reportNumber   = "ZU-TH 27/18, IPPP/18/67, CERN-TH-2018-167",
      SLACcitation   = "%%CITATION = ARXIV:1807.11501;%%"
}
@article{Currie:2018fgr,
      author         = "Currie, J. and Gehrmann, T. and Glover, E. W. N. and
                        Huss, A. and Niehues, J. and Vogt, A.",
      title          = "{N$^{3}$LO corrections to jet production in deep
                        inelastic scattering using the Projection-to-Born method}",
      journal        = "JHEP",
      volume         = "05",
      year           = "2018",
      pages          = "209",
      doi            = "10.1007/JHEP05(2018)209",
      eprint         = "1803.09973",
      archivePrefix  = "arXiv",
      primaryClass   = "hep-ph",
      reportNumber   = "CERN-TH-2018-056, IPPP/18/21, ZU-TH 12/18, LTH 1155,
                        IPPP-18-21, ZU-TH-12-18, LTH-1155",
      SLACcitation   = "%%CITATION = ARXIV:1803.09973;%%"
}
@article{Catani:2007vq,
      author         = "Catani, Stefano and Grazzini, Massimiliano",
      title          = "{An NNLO subtraction formalism in hadron collisions and its application to Higgs boson production at the LHC}",
      journal        = "Phys. Rev. Lett.",
      volume         = "98",
      year           = "2007",
      pages          = "222002",
      doi            = "10.1103/PhysRevLett.98.222002",
      eprint         = "hep-ph/0703012",
      archivePrefix  = "arXiv",
      primaryClass   = "hep-ph",
      SLACcitation   = "%%CITATION = HEP-PH/0703012;%%"
}
@article{Bozzi:2005wk,
      author         = "Bozzi, Giuseppe and Catani, Stefano and de Florian, Daniel and Grazzini, Massimiliano",
      title          = "{Transverse-momentum resummation and the spectrum of the Higgs boson at the LHC}",
      journal        = "Nucl. Phys.",
      volume         = "B737",
      year           = "2006",
      pages          = "73-120",
      doi            = "10.1016/j.nuclphysb.2005.12.022",
      eprint         = "hep-ph/0508068",
      archivePrefix  = "arXiv",
      primaryClass   = "hep-ph",
      SLACcitation   = "%%CITATION = HEP-PH/0508068;%%"
}
@article{Bonciani:2015sha,
      author         = "Bonciani, Roberto and Catani, Stefano and Grazzini, Massimiliano and Sargsyan, Hayk and Torre, Alessandro",
      title          = "{The $q_T$ subtraction method for top quark production at hadron colliders}",
      journal        = "Eur. Phys. J.",
      volume         = "C75",
      year           = "2015",
      number         = "12",
      pages          = "581",
      doi            = "10.1140/epjc/s10052-015-3793-y",
      eprint         = "1508.03585",
      archivePrefix  = "arXiv",
      primaryClass   = "hep-ph",
      reportNumber   = "ZU-TH-28-15",
      SLACcitation   = "%%CITATION = ARXIV:1508.03585;%%"
}
@article{Boughezal:2015eha,
      author         = "Boughezal, Radja and Liu, Xiaohui and Petriello, Frank",
      title          = "{$N$-jettiness soft function at next-to-next-to-leading
                        order}",
      journal        = "Phys. Rev.",
      volume         = "D91",
      year           = "2015",
      number         = "9",
      pages          = "094035",
      doi            = "10.1103/PhysRevD.91.094035",
      eprint         = "1504.02540",
      archivePrefix  = "arXiv",
      primaryClass   = "hep-ph",
      SLACcitation   = "%%CITATION = ARXIV:1504.02540;%%"
}
@article{Gaunt:2015pea,
      author         = "Gaunt, Jonathan and Stahlhofen, Maximilian and Tackmann,  Frank J. and Walsh, Jonathan R.",
      title          = "{N-jettiness Subtractions for NNLO QCD Calculations}",
      journal        = "JHEP",
      volume         = "09",
      year           = "2015",
      pages          = "058",
      doi            = "10.1007/JHEP09(2015)058",
      eprint         = "1505.04794",
      archivePrefix  = "arXiv",
      primaryClass   = "hep-ph",
      reportNumber   = "DESY-15-066",
      SLACcitation   = "%%CITATION = ARXIV:1505.04794;%%"
}
@article{Czakon:2011ve,
      author         = "Czakon, M.",
      title          = "{Double-real radiation in hadronic top quark pair production as a proof of a certain concept}",
      journal        = "Nucl. Phys.",
      volume         = "B849",
      year           = "2011",
      pages          = "250-295",
      doi            = "10.1016/j.nuclphysb.2011.03.020",
      eprint         = "1101.0642",
      archivePrefix  = "arXiv",
      primaryClass   = "hep-ph",
      reportNumber   = "TTK-10-58, SFB-CPP-10-134",
      SLACcitation   = "%%CITATION = ARXIV:1101.0642;%%"
}
@article{Boughezal:2011jf,
      author         = "Boughezal, Radja and Melnikov, Kirill and Petriello,  Frank",
      title          = "{A subtraction scheme for NNLO computations}",
      journal        = "Phys. Rev.",
      volume         = "D85",
      year           = "2012",
      pages          = "034025",
      doi            = "10.1103/PhysRevD.85.034025",
      eprint         = "1111.7041",
      archivePrefix  = "arXiv",
      primaryClass   = "hep-ph",
      SLACcitation   = "%%CITATION = ARXIV:1111.7041;%%"
}
@article{Cacciari:2015jma,
      author         = "Cacciari, Matteo and Dreyer, Frédéric A. and Karlberg, Alexander and Salam, Gavin P. and Zanderighi, Giulia",
      title          = "{Fully Differential Vector-Boson-Fusion Higgs Production at Next-to-Next-to-Leading Order}",
      journal        = "Phys. Rev. Lett.",
      volume         = "115",
      year           = "2015",
      number         = "8",
      pages          = "082002",
      doi            = "10.1103/PhysRevLett.115.082002,
                        10.1103/PhysRevLett.120.139901",
      note           = "[Erratum: Phys. Rev. Lett.120,no.13,139901(2018)]",
      eprint         = "1506.02660",
      archivePrefix  = "arXiv",
      primaryClass   = "hep-ph",
      reportNumber   = "CERN-PH-TH-2015-127, OUTP-15-12P",
      SLACcitation   = "%%CITATION = ARXIV:1506.02660;%%"
}
@article{GehrmannDeRidder:2005cm,
      author         = "Gehrmann-De Ridder, A. and Gehrmann, T. and Glover, E. W. Nigel",
      title          = "{Antenna subtraction at NNLO}",
      journal        = "JHEP",
      volume         = "09",
      year           = "2005",
      pages          = "056",
      doi            = "10.1088/1126-6708/2005/09/056",
      eprint         = "hep-ph/0505111",
      archivePrefix  = "arXiv",
      primaryClass   = "hep-ph",
      reportNumber   = "ZU-TH-07-05, IPPP-05-18",
      SLACcitation   = "%%CITATION = HEP-PH/0505111;%%"
}
@article{Daleo:2006xa,
      author         = "Daleo, A. and Gehrmann, T. and Maitre, D.",
      title          = "{Antenna subtraction with hadronic initial states}",
      journal        = "JHEP",
      volume         = "04",
      year           = "2007",
      pages          = "016",
      doi            = "10.1088/1126-6708/2007/04/016",
      eprint         = "hep-ph/0612257",
      archivePrefix  = "arXiv",
      primaryClass   = "hep-ph",
      reportNumber   = "ZU-TH-24-06",
      SLACcitation   = "%%CITATION = HEP-PH/0612257;%%"
}
@article{Currie:2013vh,
      author         = "Currie, James and Glover, E. W. N. and Wells, Steven",
      title          = "{Infrared Structure at NNLO Using Antenna Subtraction}",
      journal        = "JHEP",
      volume         = "04",
      year           = "2013",
      pages          = "066",
      doi            = "10.1007/JHEP04(2013)066",
      eprint         = "1301.4693",
      archivePrefix  = "arXiv",
      primaryClass   = "hep-ph",
      reportNumber   = "IPPP-12-82, ZU-TH-26-12",
      SLACcitation   = "%%CITATION = ARXIV:1301.4693;%%"
}
@article{Bauer:2000ew,
      author         = "Bauer, Christian W. and Fleming, Sean and Luke, Michael E.",
      title          = "{Summing Sudakov logarithms in B ---> X(s gamma) in effective field theory}",
      journal        = "Phys. Rev.",
      volume         = "D63",
      year           = "2000",
      pages          = "014006",
      doi            = "10.1103/PhysRevD.63.014006",
      eprint         = "hep-ph/0005275",
      archivePrefix  = "arXiv",
      primaryClass   = "hep-ph",
      reportNumber   = "UTPT-00-03",
      SLACcitation   = "%%CITATION = HEP-PH/0005275;%%"
}
@article{Bauer:2000yr,
      author         = "Bauer, Christian W. and Fleming, Sean and Pirjol, Dan and Stewart, Iain W.",
      title          = "{An Effective field theory for collinear
      and soft gluons: Heavy to light decays}",
      journal        = "Phys. Rev.",
      volume         = "D63",
      year           = "2001",
      pages          = "114020",
      doi            = "10.1103/PhysRevD.63.114020",
      eprint         = "hep-ph/0011336",
      archivePrefix  = "arXiv",
      primaryClass   = "hep-ph",
      reportNumber   = "UCSD-PTH-00-28",
      SLACcitation   = "%%CITATION = HEP-PH/0011336;%%"
}
@article{Bauer:2001ct,
      author         = "Bauer, Christian W. and Stewart, Iain W.",
      title          = "{Invariant operators in collinear 
      effective theory}",
      journal        = "Phys. Lett.",
      volume         = "B516",
      year           = "2001",
      pages          = "134-142",
      doi            = "10.1016/S0370-2693(01)00902-9",
      eprint         = "hep-ph/0107001",
      archivePrefix  = "arXiv",
      primaryClass   = "hep-ph",
      reportNumber   = "UCSD-PTH-01-09",
      SLACcitation   = "%%CITATION = HEP-PH/0107001;%%"
}
@article{Bauer:2001yt,
      author         = "Bauer, Christian W. and Pirjol, Dan 
      and Stewart, Iain W.",
      title          = "{Soft collinear factorization in effective field theory}",
      journal        = "Phys. Rev.",
      volume         = "D65",
      year           = "2002",
      pages          = "054022",
      doi            = "10.1103/PhysRevD.65.054022",
      eprint         = "hep-ph/0109045",
      archivePrefix  = "arXiv",
      primaryClass   = "hep-ph",
      reportNumber   = "UCSD-PTH-01-15",
      SLACcitation   = "%%CITATION = HEP-PH/0109045;%%"
}
@article{Bauer:2008dt,
      author         = "Bauer, Christian W. and Fleming, Sean P.
      and Lee, Christopher and Sterman, George F.",
      title          = "{Factorization of ee Event Shape Distributions with Hadronic Final States in Soft Collinear Effective Theory}",
      journal        = "Phys. Rev.",
      volume         = "D78",
      year           = "2008",
      pages          = "034027",
      doi            = "10.1103/PhysRevD.78.034027",
      eprint         = "0801.4569",
      archivePrefix  = "arXiv",
      primaryClass   = "hep-ph",
      reportNumber   = "UCB-PTH-08-02, YITP-SB-08-02",
      SLACcitation   = "%%CITATION = ARXIV:0801.4569;%%"
}
@article{Bauer:2008jx,
      author         = "Bauer, Christian W. and Hornig, Andrew and Tackmann, Frank J.",
      title          = "{Factorization for generic jet production}",
      journal        = "Phys. Rev.",
      volume         = "D79",
      year           = "2009",
      pages          = "114013",
      doi            = "10.1103/PhysRevD.79.114013",
      eprint         = "0808.2191",
      archivePrefix  = "arXiv",
      primaryClass   = "hep-ph",
      SLACcitation   = "%%CITATION = ARXIV:0808.2191;%%"
}
@article{Collins:1984kg,
      author         = "Collins, John C. and Soper, Davison E. and Sterman, George F.",
      title          = "{Transverse Momentum Distribution in Drell-Yan Pair and W
                        and Z Boson Production}",
      journal        = "Nucl. Phys.",
      volume         = "B250",
      year           = "1985",
      pages          = "199-224",
      doi            = "10.1016/0550-3213(85)90479-1",
      reportNumber   = "CERN-TH-3923",
      SLACcitation   = "%%CITATION = NUPHA,B250,199;%%"
}
@article{Catani:1990rr,
      author         = "Catani, S. and Webber, B. R. and Marchesini, G.",
      title          = "{QCD coherent branching and semiinclusive processes at
                        large x}",
      journal        = "Nucl. Phys.",
      volume         = "B349",
      year           = "1991",
      pages          = "635-654",
      doi            = "10.1016/0550-3213(91)90390-J",
      reportNumber   = "CAVENDISH-HEP-90-11, UPRF-90-280",
      SLACcitation   = "%%CITATION = NUPHA,B349,635;%%"
}
@article{Catani:1991kz,
      author         = "Catani, S. and Turnock, G. and Webber, B. R. and  Trentadue, L.",
      title          = "{Thrust distribution in e+ e- annihilation}",
      journal        = "Phys. Lett.",
      volume         = "B263",
      year           = "1991",
      pages          = "491-497",
      doi            = "10.1016/0370-2693(91)90494-B",
      reportNumber   = "CAVENDISH-HEP-91-3",
      SLACcitation   = "%%CITATION = PHLTA,B263,491;%%"
}

@article{Bauer:2002nz,
      author         = "Bauer, Christian W. and Fleming, Sean and Pirjol, Dan and Rothstein, Ira Z. and Stewart, Iain W.",
      title          = "{Hard scattering factorization from effective field theory}",
      journal        = "Phys. Rev.",
      volume         = "D66",
      year           = "2002",
      pages          = "014017",
      doi            = "10.1103/PhysRevD.66.014017",
      eprint         = "hep-ph/0202088",
      archivePrefix  = "arXiv",
      primaryClass   = "hep-ph",
      reportNumber   = "UCSD-PTH-02-03",
      SLACcitation   = "%%CITATION = HEP-PH/0202088;%%"
}
@article{Banfi:2004nk,
      author         = "Banfi, Andrea and Salam, Gavin P. and Zanderighi, Giulia.",
      title          = "{Resummed event shapes at hadron  hadron colliders}",
      journal        = "JHEP",
      volume         = "08",
      year           = "2004",
      pages          = "062",
      doi            = "10.1088/1126-6708/2004/08/062",
      eprint         = "hep-ph/0407287",
      archivePrefix  = "arXiv",
      primaryClass   = "hep-ph",
      reportNumber   = "FERMILAB-PUB-04-117-T, LPTHE-04-18, NIKHEF-2004-006",
      SLACcitation   = "%%CITATION = HEP-PH/0407287;%%"
}
@article{Becher:2010tm,
      author         = "Becher, Thomas and Neubert, Matthias",
      title          = "{{Drell-Yan} Production at Small $q_T$, Transverse Parton  Distributions and the Collinear Anomaly}",
      journal        = "Eur. Phys. J.",
      volume         = "C71",
      year           = "2011",
      pages          = "1665",
      doi            = "10.1140/epjc/s10052-011-1665-7",
      eprint         = "1007.4005",
      archivePrefix  = "arXiv",
      primaryClass   = "hep-ph",
      reportNumber   = "HD-THEP-10-13, MZ-TH-10-26",
      SLACcitation   = "%%CITATION = ARXIV:1007.4005;%%"
}
@article{Stewart:2010pd,
      author         = "Stewart, Iain W. and Tackmann, Frank J. and Waalewijn,  Wouter J.",
      title          = "{The Beam Thrust Cross Section for Drell  Yan at NNLL  Order}",
      journal        = "Phys. Rev. Lett.",
      volume         = "106",
      year           = "2011",
      pages          = "032001",
      doi            = "10.1103/PhysRevLett.106.032001",
      eprint         = "1005.4060",
      archivePrefix  = "arXiv",
      primaryClass   = "hep-ph",
      reportNumber   = "MIT-CTP-4123",
      SLACcitation   = "%%CITATION = ARXIV:1005.4060;%%"
}
@article{Banfi:2011dx,
      author         = "Banfi, Andrea and Dasgupta, Mrinal and Marzani, Simone",
      title          = "{QCD predictions for new variables to 
      study dilepton transverse momenta at hadron colliders}",
      journal        = "Phys. Lett.",
      volume         = "B701",
      year           = "2011",
      pages          = "75-81",
      doi            = "10.1016/j.physletb.2011.05.028",
      eprint         = "1102.3594",
      archivePrefix  = "arXiv",
      primaryClass   = "hep-ph",
      reportNumber   = "MAN-HEP-2011-03",
      SLACcitation   = "%%CITATION = ARXIV:1102.3594;%%"
}
@article{Berger:2010xi,
      author         = "Berger, Carola F. and Marcantonini, Claudio and Stewart, Iain W. and Tackmann, Frank J. and Waalewijn, Wouter J.",
      title          = "{Higgs Production with a Central Jet Veto at NNLL NNLO}",
      journal        = "JHEP",
      volume         = "04",
      year           = "2011",
      pages          = "092",
      doi            = "10.1007/JHEP04(2011)092",
      eprint         = "1012.4480",
      archivePrefix  = "arXiv",
      primaryClass   = "hep-ph",
      reportNumber   = "MIT-CTP-4122",
      SLACcitation   = "%%CITATION = ARXIV:1012.4480;%%"
}
@article{Jouttenus:2011wh,
      author         = "Jouttenus, Teppo T. and Stewart, Iain W. and Tackmann, Frank J. and Waalewijn, Wouter J.",
      title          = "{The Soft Function for Exclusive N Jet Production at  Hadron Colliders}",
      journal        = "Phys. Rev.",
      volume         = "D83",
      year           = "2011",
      pages          = "114030",
      doi            = "10.1103/PhysRevD.83.114030",
      eprint         = "1102.4344",
      archivePrefix  = "arXiv",
      primaryClass   = "hep-ph",
      SLACcitation   = "%%CITATION = ARXIV:1102.4344;%%"
}
@article{Becher:2012qa,
      author         = "Becher, Thomas and Neubert, Matthias",
      title          = "{Factorization and NNLL Resummation forHiggs Production  with a Jet Veto}",
      journal        = "JHEP",
      volume         = "07",
      year           = "2012",
      pages          = "108",
      doi            = "10.1007/JHEP07(2012)108",
      eprint         = "1205.3806",
      archivePrefix  = "arXiv",
      primaryClass   = "hep-ph",
      reportNumber   = "MZ-TH-12-18",
      SLACcitation   = "%%CITATION = ARXIV:1205.3806;%%"
}
@article{Zhu:2012ts,
      author         = "Zhu, Hua Xing and Li, Chong Sheng and Li, Hai Tao and  Shao, Ding Yu and Yang, Li Lin",
      title          = "{Transverse-momentum resummation for top quark pairs at  hadron colliders}",
      journal        = "Phys. Rev. Lett.",
      volume         = "110",
      year           = "2013",
      number         = "8",
      pages          = "082001",
      doi            = "10.1103/PhysRevLett.110.082001",
      eprint         = "1208.5774",
      archivePrefix  = "arXiv",
      primaryClass   = "hep-ph",
      reportNumber   = "ZU-TH-17-12",
      SLACcitation   = "%%CITATION = ARXIV:1208.5774;%%"
}
@article{Banfi:2012jm,
      author         = "Banfi, Andrea and Monni, Pier Francesco and Salam, Gavin  P. and Zanderighi, Giulia",
      title          = "{Higgs and Zboson production with a jet veto}",
      journal        = "Phys. Rev. Lett.",
      volume         = "109",
      year           = "2012",
      pages          = "202001",
      doi            = "10.1103/PhysRevLett.109.202001",
      eprint         = "1206.4998",
      archivePrefix  = "arXiv",
      primaryClass   = "hep-ph",
      reportNumber   = "CERN-PH-TH-2012-173, LPN12-061, OUTP-12-14P, ZU-ZH-10-12",
      SLACcitation   = "%%CITATION = ARXIV:1206.4998;%%"
}
@article{Becher:2013xia,
      author         = "Becher, Thomas and Neubert, Matthias and Rothen, Lorena",
      title          = "{Factorization and $N^{3}LL$ NNLO predictions for the  Higgs cross section with a jet veto}",
      journal        = "JHEP",
      volume         = "10",
      year           = "2013",
      pages          = "125",
      doi            = "10.1007/JHEP10(2013)125",
      eprint         = "1307.0025",
      archivePrefix  = "arXiv",
      primaryClass   = "hep-ph",
      reportNumber   = "MITP-13-37, PHY11-25915",
      SLACcitation   = "%%CITATION = ARXIV:1307.0025;%%"
}
@article{Stewart:2013faa,
      author         = "Stewart, Iain W. and Tackmann, Frank J. and Walsh,  Jonathan R. and Zuberi, Saba",
      title          = "{Jet $pT$ resummation in Higgs production at  $NNLL$ $NNLO$}",
      journal        = "Phys. Rev.",
      volume         = "D89",
      year           = "2014",
      number         = "5",
      pages          = "054001",
      doi            = "10.1103/PhysRevD.89.054001",
      eprint         = "1307.1808",
      archivePrefix  = "arXiv",
      primaryClass   = "hep-ph",
      reportNumber   = "DESY-13-122, MIT-CTP-4479",
      SLACcitation   = "%%CITATION = ARXIV:1307.1808;%%"
}
@article{Procura:2014cba,
      author         = "Procura, Massimiliano and Waalewijn, Wouter J. and Zeune, Lisa",
      title          = "{Resummation of Double Differential Cross Sections and Fully Unintegrated Parton Distribution Functions}",
      journal        = "JHEP",
      volume         = "02",
      year           = "2015",
      pages          = "117",
      doi            = "10.1007/JHEP02(2015)117",
      eprint         = "1410.6483",
      archivePrefix  = "arXiv",
      primaryClass   = "hep-ph",
      reportNumber   = "NIKHEF-2014-043",
      SLACcitation   = "%%CITATION = ARXIV:1410.6483;%%"
}
@article{Li:2016ctv,
      author         = "Li, Ye and Zhu, Hua Xing",
      title          = "{Bootstrapping Rapidity Anomalous
      Dimensions for Transverse Momentum Resummation}",
      journal        = "Phys. Rev. Lett.",
      volume         = "118",
      year           = "2017",
      number         = "2",
      pages          = "022004",
      doi            = "10.1103/PhysRevLett.118.022004",
      eprint         = "1604.01404",
      archivePrefix  = "arXiv",
      primaryClass   = "hep-ph",
      reportNumber   = "FERMILAB-PUB-16-067-PPD-T, MIT-CTP-4796",
      SLACcitation   = "%%CITATION = ARXIV:1604.01404;%%"
}
@article{Monni:2016ktx,
      author         = "Monni, Pier Francesco and Re, Emanuele and Torrielli, Paolo",
      title          = "{Higgs Transverse Momentum Resummation
      in Direct Space}",
      journal        = "Phys. Rev. Lett.",
      volume         = "116",
      year           = "2016",
      number         = "24",
      pages          = "242001",
      doi            = "10.1103/PhysRevLett.116.242001",
      eprint         = "1604.02191",
      archivePrefix  = "arXiv",
      primaryClass   = "hep-ph",
      reportNumber   = "LAPTH-017-16, OUTP-16-07P",
      SLACcitation   = "%%CITATION = ARXIV:1604.02191;%%"
}
@article{Bizon:2017rah,
      author         = "Bizon, Wojciech and Monni, Pier Francesco and Re, Emanuele and Rottoli, Luca and Torrielli, Paolo",
      title          = "{Momentum space resummation for transverse observables and the Higgs p$_{\perp}$ at N$^{3}$LL~NNLO}",
      journal        = "JHEP",
      volume         = "02",
      year           = "2018",
      pages          = "108",
      doi            = "10.1007/JHEP02(2018)108",
      eprint         = "1705.09127",
      archivePrefix  = "arXiv",
      primaryClass   = "hep-ph",
      reportNumber   = "OUTP-17-05P, CERN-TH-2017-111, LAPTH-018-17",
      SLACcitation   = "%%CITATION = ARXIV:1705.09127;%%"
}
@article{Lin:2017snn,
      author         = "Lin, Huey-Wen and others",
      title          = "{Parton distributions and lattice QCD calculations: a community white paper}",
      journal        = "Prog. Part. Nucl. Phys.",
      volume         = "100",
      year           = "2018",
      pages          = "107-160",
      doi            = "10.1016/j.ppnp.2018.01.007",
      eprint         = "1711.07916",
      archivePrefix  = "arXiv",
      primaryClass   = "hep-ph",
      reportNumber   = "DESY-17-185, IFJPAN-IV-2017-19, INT-PUB-17-042,
                        JLAB-THY-17-2604, MSUHEP-17-017, OUTP-17-15P,
                        SMU-HEP-17-08, NIKHEF-2017-047",
      SLACcitation   = "%%CITATION = ARXIV:1711.07916;%%"
}
@article{Ball:2014uwa,
      author         = "Ball, Richard D. and others",
      title          = "{Parton distributions for the LHC Run II}",
      collaboration  = "NNPDF",
      journal        = "JHEP",
      volume         = "04",
      year           = "2015",
      pages          = "040",
      doi            = "10.1007/JHEP04(2015)040",
      eprint         = "1410.8849",
      archivePrefix  = "arXiv",
      primaryClass   = "hep-ph",
      reportNumber   = "EDINBURGH-2014-15, IFUM-1034-FT, CERN-PH-TH-2013-253,
                        OUTP-14-11P, CAVENDISH-HEP-14-11",
      SLACcitation   = "%%CITATION = ARXIV:1410.8849;%%"
}
@article{Dulat:2015mca,
      author         = "Dulat, Sayipjamal and Hou, Tie-Jiun and Gao, Jun and Guzzi, Marco and Huston, Joey and Nadolsky, Pavel and Pumplin, Jon and Schmidt, Carl and Stump, Daniel and Yuan, C. P.",
      title          = "{New parton distribution functions from a global analysis of quantum chromodynamics}",
      journal        = "Phys. Rev.",
      volume         = "D93",
      year           = "2016",
      number         = "3",
      pages          = "033006",
      doi            = "10.1103/PhysRevD.93.033006",
      eprint         = "1506.07443",
      archivePrefix  = "arXiv",
      primaryClass   = "hep-ph",
      SLACcitation   = "%%CITATION = ARXIV:1506.07443;%%"
}
@article{Harland-Lang:2014zoa,
      author         = "Harland-Lang, L. A. and Martin, A. D. and Motylinski, P. and Thorne, R. S.",
      title          = "{Parton distributions in the LHC era: MMHT 2014 PDFs}",
      journal        = "Eur. Phys. J.",
      volume         = "C75",
      year           = "2015",
      number         = "5",
      pages          = "204",
      doi            = "10.1140/epjc/s10052-015-3397-6",
      eprint         = "1412.3989",
      archivePrefix  = "arXiv",
      primaryClass   = "hep-ph",
      reportNumber   = "LCTS-2014-47, IPPP-14-97, DCPT-14-194",
      SLACcitation   = "%%CITATION = ARXIV:1412.3989;%%"
}
@article{Ball:2017nwa,
      author         = "Ball, Richard D. and others",
      title          = "{Parton distributions from high-precision collider data}",
      collaboration  = "NNPDF",
      journal        = "Eur. Phys. J.",
      volume         = "C77",
      year           = "2017",
      number         = "10",
      pages          = "663",
      doi            = "10.1140/epjc/s10052-017-5199-5",
      eprint         = "1706.00428",
      archivePrefix  = "arXiv",
      primaryClass   = "hep-ph",
      reportNumber   = "CAVENDISH-HEP-17-06, CERN-TH-2017-077, EDINBURGH-2017-08,
                        NIKHEF-2017-006, OUTP-17-04P, TIF-UNIMI-2017-3",
      SLACcitation   = "%%CITATION = ARXIV:1706.00428;%%"
}

@article{AbdulKhalek:2019bux,
      author         = "Abdul Khalek, Rabah and others",
      title          = "{A First Determination of Parton Distributions with Theoretical Uncertainties}",
      collaboration  = "NNPDF",
      year           = "2019",
      eprint         = "1905.04311",
      archivePrefix  = "arXiv",
      primaryClass   = "hep-ph",
      reportNumber   = "CAVENDISH-HEP-19-07, DAMTP-2019-20, Edinburgh 2019/07,
                        Nikhef
  2019-013, TIF-UNIMI-2019-4",
      SLACcitation   = "%%CITATION = ARXIV:1905.04311;%%"
}
@article{Ger,
      author         = "Gehrmann-De Ridder, A. and Gehrmann, T. and Glover, E. W. Nigel",
      title          = "{Antenna subtraction at NNLO}",
      journal        = "JHEP",
      volume         = "09",
      year           = "2005",
      pages          = "056",
      doi            = "10.1088/1126-6708/2005/09/056",
      eprint         = "hep-ph/0505111",
      archivePrefix  = "arXiv",
      primaryClass   = "hep-ph",
      reportNumber   = "ZU-TH-07-05, IPPP-05-18",
      SLACcitation   = "%%CITATION = HEP-PH/0505111;%%"
}
@article{Bazavov:2019lgz,
      author         = "Bazavov, Alexei and Karsch, Frithjof and Mukherj Swagato and Petreczky, Peter",
      title          = "{Hot-dense Lattice QCD: USQCD whitepaper 2018}",
      collaboration  = "USQCD",
      year           = "2019",
      eprint         = "1904.09951",
      archivePrefix  = "arXiv",
      primaryClass   = "hep-lat",
      SLACcitation   = "%%CITATION = ARXIV:1904.09951;%%"
}
@article{Aoki,
      author         = "Aoki, S. and others",
      title          = "{FLAG Review 2019}",
      collaboration  = "Flavour Lattice Averaging Group",
      year           = "2019",
      eprint         = "1902.08191",
      archivePrefix  = "arXiv",
      primaryClass   = "hep-lat",
      reportNumber   = "FERMILAB-PUB-19-077-T",
      SLACcitation   = "%%CITATION = ARXIV:1902.08191;%%"
}
@article{Cirigliano:2019jig,
      author         = "Cirigliano, Vincenzo and Davoudi, Zohreh and
                        Bhattacharya, Tanmoy and Izubuchi, Taku and Shanahan, Phiala E. and Syritsyn, Sergey and Wagman, Michael L.",
      title          = "{The Role of Lattice QCD in Searches for Violations of Fundamental Symmetries and Signals for New Physics}",
      collaboration  = "USQCD",
      year           = "2019",
      eprint         = "1904.09704",
      archivePrefix  = "arXiv",
      primaryClass   = "hep-lat",
      SLACcitation   = "%%CITATION = ARXIV:1904.09704;%%"
}
@article{Kusina:2017gkz,
      author         = "Kusina, Aleksander and Lansberg, Jean Philippe and Schienbein, Ingo and Shao, Hua-Sheng",
      title          = "{Gluon Shadowing in Heavy Flavor
      Production at the LHC}",
      journal        = "Phys. Rev. Lett.",
      volume         = "121",
      year           = "2018",
      number         = "5",
      pages          = "052004",
      doi            = "10.1103/PhysRevLett.121.052004",
      eprint         = "1712.07024",
      archivePrefix  = "arXiv",
      primaryClass   = "hep-ph",
      SLACcitation   = "%%CITATION = ARXIV:1712.07024;%%"
}
@article{Bazavov:2017lyh,
      author         = "Bazavov, A. and others",
      title          = "{$B$ and $D$ meson leptonic decay constants from four-flavor lattice QCD}",
      journal        = "Phys. Rev.",
      volume         = "D98",
      year           = "2018",
      number         = "7",
      pages          = "074512",
      doi            = "10.1103/PhysRevD.98.074512",
      eprint         = "1712.09262",
      archivePrefix  = "arXiv",
      primaryClass   = "hep-lat",
      reportNumber   = "FERMILAB-PUB-17/491-T, FERMILAB-PUB-17-491-T",
      SLACcitation   = "%%CITATION = ARXIV:1712.09262;%%"
}
@article{Bazavov:2018omf,
      author         = "Bazavov, A. and others",
      title          = "{Up-, down-, strange-, charm-, and bottom-quark masses from four-flavor lattice QCD}",
      collaboration  = "Fermilab Lattice, MILC, TUMQCD",
      journal        = "Phys. Rev.",
      volume         = "D98",
      year           = "2018",
      number         = "5",
      pages          = "054517",
      doi            = "10.1103/PhysRevD.98.054517",
      eprint         = "1802.04248",
      archivePrefix  = "arXiv",
      primaryClass   = "hep-lat",
      reportNumber   = "FERMILAB-PUB-17-492-T, TUM-EFT-107-18,
                        FERMILAB-PUB-17/492-T, TUM-EFT 107/18",
      SLACcitation   = "%%CITATION = ARXIV:1802.04248;%%"
}
@article{Meyer:2018til,
      author         = "Meyer, Harvey B. and Wittig, Hartmut",
      title          = "{Lattice QCD and the anomalous magnetic moment of the muon}",
      journal        = "Prog. Part. Nucl. Phys.",
      volume         = "104",
      year           = "2019",
      pages          = "46-96",
      doi            = "10.1016/j.ppnp.2018.09.001",
      eprint         = "1807.09370",
      archivePrefix  = "arXiv",
      primaryClass   = "hep-lat",
      reportNumber   = "MITP/18-069, HIM-2018-03",
      SLACcitation   = "%%CITATION = ARXIV:1807.09370;%%"
}
@article{Alexandrou:2017qyt,
      author         = "Alexandrou, C. and others",
      title          = "{Nucleon scalar and tensor charges using lattice QCD simulations at the physical value of the pion mass}",
      journal        = "Phys. Rev.",
      volume         = "D95",
      year           = "2017",
      number         = "11",
      pages          = "114514",
      doi            = "10.1103/PhysRevD.96.099906, 10.1103/PhysRevD.95.114514",
      note           = "[erratum: Phys. Rev.D96,no.9,099906(2017)]",
      eprint         = "1703.08788",
      archivePrefix  = "arXiv",
      primaryClass   = "hep-lat",
      SLACcitation   = "%%CITATION = ARXIV:1703.08788;%%"
}
@article{Westin:2019tgc,
      author         = "Westin, A. and others",
      title          = "{Anomalous magnetic moment of the muon with dynamical QCD+QED}",
      booktitle      = "{Proceedings, 36th International Symposium on Lattice Field Theory (Lattice 2018): East Lansing, MI, United
                        States, July 22-28, 2018}",
      collaboration  = "CSSM/QCDSF/UKQCD",
      journal        = "PoS",
      volume         = "LATTICE2018",
      year           = "2019",
      pages          = "136",
      doi            = "10.22323/1.334.0136",
      eprint         = "1902.01518",
      archivePrefix  = "arXiv",
      primaryClass   = "hep-lat",
      reportNumber   = "ADP-19-2/T1082, DESY-19-017, LTH 1196",
      SLACcitation   = "%%CITATION = ARXIV:1902.01518;%%"
}
@article{Bai:2018hqu,
      author         = "Bai, Ziyuan and Christ, Norman H. and Feng, Xu and Lawson, Andrew and Portelli, Antonin and Sachrajda, Christopher T.",
      title          = "{$K^+\to\pi^+\nu\bar{\nu}$ decay amplitude from lattice QCD}",
      journal        = "Phys. Rev.",
      volume         = "D98",
      year           = "2018",
      number         = "7",
      pages          = "074509",
      doi            = "10.1103/PhysRevD.98.074509",
      eprint         = "1806.11520",
      archivePrefix  = "arXiv",
      primaryClass   = "hep-lat",
      SLACcitation   = "%%CITATION = ARXIV:1806.11520;%%"
}
@article{Alexandrou:2018sjm,
      author         = "Alexandrou, C. and Bacchio, S. and Constantinou, M. and
                        Finkenrath, J. and Hadjiyiannakou, K. and Jansen, K. and
                        Koutsou, G. and Casco, A. Vaquero Aviles",
      title          = "{Proton and neutron electromagnetic form factors from
                        lattice QCD}",
      year           = "2018",
      eprint         = "1812.10311",
      archivePrefix  = "arXiv",
      primaryClass   = "hep-lat",
      reportNumber   = "DESY-18-033",
      SLACcitation   = "%%CITATION = ARXIV:1812.10311;%%"
}
@article{Alexandrou:2018lvq,
      author         = "Alexandrou, Constantia and Constantinou, Martha and Hadjiyiannakou, Kyriakos and Jansen, Karl and Kallidonis, Christos and Koutsou, Giannis and Avil\'es-Casco, Alejandro Vaquero",
      title          = "{Connected and disconnected contributions to nucleon  axial form factors using $N_f$ = 2 twisted mass fermions at the physical point}",
      booktitle      = "{Proceedings, 35th International Symposium on Lattice Field Theory (Lattice 2017): Granada, Spain, June 18-24, 2017}",
      journal        = "EPJ Web Conf.",
      volume         = "175",
      year           = "2018",
      pages          = "06003",
      doi            = "10.1051/epjconf/201817506003",
      eprint         = "1807.11203",
      archivePrefix  = "arXiv",
      primaryClass   = "hep-lat",
      SLACcitation   = "%%CITATION = ARXIV:1807.11203;%%"
}
@article{Afach:2014fha,
      author         = "Afach, S. and others",
      title          = "{A measurement of the neutron to $^{199}$Hg magnetic moment ratio}",
      journal        = "Phys. Lett.",
      volume         = "B739",
      year           = "2014",
      pages          = "128-132",
      doi            = "10.1016/j.physletb.2014.10.046",
      eprint         = "1410.8259",
      archivePrefix  = "arXiv",
      primaryClass   = "nucl-ex",
      SLACcitation   = "%%CITATION = ARXIV:1410.8259;%%"
}
@article{Altinoluk:2019fui,
      author         = "Altinoluk, Tolga and Boussarie, Renaud and Kotko, Piotr",
      title          = "{Interplay of the CGC and TMD frameworks to all orders in kinematic twist}",
      journal        = "JHEP",
      volume         = "05",
      year           = "2019",
      pages          = "156",
      doi            = "10.1007/JHEP05(2019)156",
      eprint         = "1901.01175",
      archivePrefix  = "arXiv",
      primaryClass   = "hep-ph",
      SLACcitation   = "%%CITATION = ARXIV:1901.01175;%%"
}
@article{Antognini:1900ns,
      author         = "Antognini, Aldo and others",
      title          = "{Proton Structure from the Measurement of $2S-2P$ Transition Frequencies of Muonic Hydrogen}",
      journal        = "Science",
      volume         = "339",
      year           = "2013",
      pages          = "417-420",
      doi            = "10.1126/science.1230016",
      SLACcitation   = "%%CITATION = SCIEA,339,417;%%"
}
@article{Markisch:2018ndu,
      author         = "Markisch, B. and others",
      title          = "{Measurement of the Weak Axial-Vector Coupling Constant in the Decay of Free Neutrons Using a Pulsed Cold Neutron Beam}",
      journal        = "Phys. Rev. Lett.",
      volume         = "122",
      year           = "2019",
      number         = "24",
      pages          = "242501",
      doi            = "10.1103/PhysRevLett.122.242501",
      eprint         = "1812.04666",
      archivePrefix  = "arXiv",
      primaryClass   = "nucl-ex",
      SLACcitation   = "%%CITATION = ARXIV:1812.04666;%%"
}
@inproceedings{Iancu:2002xk,
      author         = "Iancu, Edmond and Leonidov, Andrei and McLerran, Larry",
      title          = "{The Color glass condensate: An Introduction}",
      booktitle      = "{QCD perspectives on hot and dense matter. Proceedings, NATO Advanced Study Institute, Summer School, Cargese,  France, August 6-18, 2001}",
      year           = "2002",
      pages          = "73-145",
      eprint         = "hep-ph/0202270",
      archivePrefix  = "arXiv",
      primaryClass   = "hep-ph",
      reportNumber   = "SACLAY-T02-024",
      SLACcitation   = "%%CITATION = HEP-PH/0202270;%%"
}
@article{Petreska:2018cbf,
      author         = "Petreska, Elena",
      title          = "{TMD gluon distributions at small x in the CGC theory}",
      journal        = "Int. J. Mod. Phys.",
      volume         = "E27",
      year           = "2018",
      number         = "05",
      pages          = "1830003",
      doi            = "10.1142/S0218301318300035",
      eprint         = "1804.04981",
      archivePrefix  = "arXiv",
      primaryClass   = "hep-ph",
      SLACcitation   = "%%CITATION = ARXIV:1804.04981;%%"
}
@article{Baikov:2006ai,
      author         = "Baikov, P. A. and Chetyrkin, K. G.",
      title          = "{New four loop results in QCD}",
      booktitle      = "{Proceedings, 8th DESY Workshop on Elementary Particle Theory: Loops and Legs in Quantum Field Theory: Eisenach,  Germany, 23-28 April 2006}",
      journal        = "Nucl. Phys. Proc. Suppl.",
      volume         = "160",
      year           = "2006",
      pages          = "76-79",
      doi            = "10.1016/j.nuclphysbps.2006.09.031",
      note           = "[,76(2006)]",
      SLACcitation   = "%%CITATION = NUPHZ,160,76;%%"
}
@article{Velizhanin:2011es,
      author         = "Velizhanin, V. N.",
      title          = "{Four loop anomalous dimension of the second moment of the non-singlet twist-2 operator in QCD}",
      journal        = "Nucl. Phys.",
      volume         = "B860",
      year           = "2012",
      pages          = "288-294",
      doi            = "10.1016/j.nuclphysb.2012.03.006",
      eprint         = "1112.3954",
      archivePrefix  = "arXiv",
      primaryClass   = "hep-ph",
      SLACcitation   = "%%CITATION = ARXIV:1112.3954;%%"
}
@article{Baikov:2015tea,
      author         = "Baikov, P. A. and Chetyrkin, K. G. and Kühn, J. H.",
      title          = "{Massless Propagators, $R(s)$ and Multiloop QCD}",
      booktitle      = "{Proceedings, Advances in Computational Particle Physics:  Final Meeting (SFB-TR-9): Durbach, Germany, September 15-19, 2014}",
      journal        = "Nucl. Part. Phys. Proc.",
      volume         = "261-262",
      year           = "2015",
      pages          = "3-18",
      doi            = "10.1016/j.nuclphysbps.2015.03.002",
      eprint         = "1501.06739",
      archivePrefix  = "arXiv",
      primaryClass   = "hep-ph",
      reportNumber   = "TTP15-002",
      SLACcitation   = "%%CITATION = ARXIV:1501.06739;%%"
}
@article{Davies:2016jie,
      author         = "Davies, J. and Vogt, A. and Ruijl, B. and Ueda, T. and Vermaseren, J. A. M.",
      title          = "{Large-$n_f$ contributions to the four-loop splitting functions in QCD}",
      journal        = "Nucl. Phys.",
      volume         = "B915",
      year           = "2017",
      pages          = "335-362",
      doi            = "10.1016/j.nuclphysb.2016.12.012",
      eprint         = "1610.07477",
      archivePrefix  = "arXiv",
      primaryClass   = "hep-ph",
      reportNumber   = "LTH-1106, NIKHEF-2016-049",
      SLACcitation   = "%%CITATION = ARXIV:1610.07477;%%"
}
@article{Moch:2017uml,
      author         = "Moch, S. and Ruijl, B. and Ueda, T. and Vermaseren, J. A. M. and Vogt, A.",
      title          = "{Four-Loop Non-Singlet Splitting Functions in the Planar Limit and Beyond}",
      journal        = "JHEP",
      volume         = "10",
      year           = "2017",
      pages          = "041",
      doi            = "10.1007/JHEP10(2017)041",
      eprint         = "1707.08315",
      archivePrefix  = "arXiv",
      primaryClass   = "hep-ph",
      reportNumber   = "DESY-17-106, NIKHEF-2017-034, LTH-1139",
      SLACcitation   = "%%CITATION = ARXIV:1707.08315;%%"
}
@article{Kampert:2012mx,
      author         = "Kampert, Karl-Heinz and Unger, Michael",
      title          = "{Measurements of the Cosmic Ray Composition with Air Shower Experiments}",
      journal        = "Astropart. Phys.",
      volume         = "35",
      year           = "2012",
      pages          = "660-678",
      doi            = "10.1016/j.astropartphys.2012.02.004",
      eprint         = "1201.0018",
      archivePrefix  = "arXiv",
      primaryClass   = "astro-ph.HE",
      SLACcitation   = "%%CITATION = ARXIV:1201.0018;%%"
}
@article{dEnterria:2011twh,
      author         = "d'Enterria, David and Engel, Ralph and Pierog, Tanguy and Ostapchenko, Sergey and Werner, Klaus",
      title          = "{Constraints from the first LHC data on hadronic event generators for ultra-high energy cosmic-ray physics}",
      journal        = "Astropart. Phys.",
      volume         = "35",
      year           = "2011",
      pages          = "98-113",
      doi            = "10.1016/j.astropartphys.2011.05.002",
      eprint         = "1101.5596",
      archivePrefix  = "arXiv",
      primaryClass   = "astro-ph.HE",
      SLACcitation   = "%%CITATION = ARXIV:1101.5596;%%"
}
@article{Mangano:2016jyj,
      author         = "Mangano, M. L. and others",
      title          = "{Physics at a 100 TeV pp Collider: Standard Model  Processes}",
      journal        = "CERN Yellow Rep.",
      year           = "2017",
      number         = "3",
      pages          = "1-254",
      doi            = "10.23731/CYRM-2017-003.1",
      eprint         = "1607.01831",
      archivePrefix  = "arXiv",
      primaryClass   = "hep-ph",
      reportNumber   = "CERN-TH-2016-112",
      SLACcitation   = "%%CITATION = ARXIV:1607.01831;%%"
}
@article{dEnterria:2016oxo,
      author         = "d'Enterria, David and Pierog, Tanguy",
      title          = "{Global properties of proton-proton collisions at $\sqrt{s}$ = 100 TeV}",
      journal        = "JHEP",
      volume         = "08",
      year           = "2016",
      pages          = "170",
      doi            = "10.1007/JHEP08(2016)170",
      eprint         = "1604.08536",
      archivePrefix  = "arXiv",
      primaryClass   = "hep-ph",
      SLACcitation   = "%%CITATION = ARXIV:1604.08536;%%"
}

@article{Dembinski:2019uta,
      author         = "Dembinski, H. P. and others",
      title          = "{Report on Tests and Measurements of Hadronic Interaction  Properties with Air Showers}",
      booktitle      = "{Proceedings, Ultra High Energy Cosmic Rays (UHECR 2018): Paris, France, October 8-12, 2018}",
      collaboration  = "EAS-MSU, IceCube, KASCADE-Grande, NEVOD-DECOR, Pierre Auger, SUGAR, Telescope Array, Yakutsk EAS Array",
      journal        = "EPJ Web Conf.",
      volume         = "210",
      year           = "2019",
      pages          = "02004",
      doi            = "10.1051/epjconf/201921002004",
      eprint         = "1902.08124",
      archivePrefix  = "arXiv",
      primaryClass   = "astro-ph.HE",
      SLACcitation   = "%%CITATION = ARXIV:1902.08124;%%"
}
@article{Pierog:2019,
      author         = "Pierog, T. and others",
      title          = "{Collective hadronization and air showers: can LHC data solve the muon puzzle ?}",
      booktitle      = "{}",
      journal        = "PoS",
      volume         = "ICRC2019",
      year           = "2019",
      pages          = "",
      doi            = "",
      SLACcitation   = ""
}
@article{Djukanovic:2019jtp,
      author         = "Djukanovic, Dalibor and Ottnad, Konstantin and Wilhelm, Jonas and Wittig, Hartmut",
      title          = "{Strange electromagnetic form factors of the nucleon with $N_f = 2 + 1$ $\mathcal{O}(a)$-improved Wilson fermions}",
      year           = "2019",
      eprint         = "1903.12566",
      archivePrefix  = "arXiv",
      primaryClass   = "hep-lat",
      SLACcitation   = "%%CITATION = ARXIV:1903.12566;%%"
}
@article{Aaij:2019evc,
      author         = "Aaij, Roel and others",
      title          = "{Near-threshold $D\bar{D}$ spectroscopy and observation of a new charmonium state}",
      collaboration  = "LHCb",
      journal        = "JHEP",
      volume         = "07",
      year           = "2019",
      pages          = "035",
      doi            = "10.1007/JHEP07(2019)035",
      eprint         = "1903.12240",
      archivePrefix  = "arXiv",
      primaryClass   = "hep-ex",
      reportNumber   = "CERN-EP-2019-047, LHCb-PAPER-2019-005",
      SLACcitation   = "%%CITATION = ARXIV:1903.12240;%%"
}
@article{Piemonte:2019cbi,
      author         = "Piemonte, S. and Collins, S. and Mohler, D. and Padmanath, M. and Prelovsek, S.",
      title          = "{Charmonium resonances with $J^{PC}=1^{--}$ and $3^{--}$ from $\bar DD$ scattering on the lattice}",
      year           = "2019",
      eprint         = "1905.03506",
      archivePrefix  = "arXiv",
      primaryClass   = "hep-lat",
      reportNumber   = "MITP/19-029",
      SLACcitation   = "%%CITATION = ARXIV:1905.03506;%%"
}

@article{Lehner:2019wvv,
      author         = "Lehner, Christoph and others",
      title          = "{Opportunities for lattice QCD in quark and lepton flavor physics}",
      collaboration  = "USQCD",
      year           = "2019",
      eprint         = "1904.09479",
      archivePrefix  = "arXiv",
      primaryClass   = "hep-lat",
      reportNumber   = "FERMILAB-PUB-19-173-T, RBRC-1309",
      SLACcitation   = "%%CITATION = ARXIV:1904.09479;%%"
}
@article{Scimemi:2019mlf,
      author         = "Scimemi, Ignazio",
      title          = "{A short review on recent developments in TMD
                        factorization and implementation}",
      journal        = "Adv. High Energy Phys.",
      volume         = "2019",
      year           = "2019",
      pages          = "3142510",
      doi            = "10.1155/2019/3142510",
      eprint         = "1901.08398",
      archivePrefix  = "arXiv",
      primaryClass   = "hep-ph",
      SLACcitation   = "%%CITATION = ARXIV:1901.08398;%%"
}
@article{Angeles-Martinez:2015sea,
      author         = "Angeles-Martinez, R. and others",
      title          = "{Transverse Momentum Dependent (TMD) parton distribution functions: status and prospects}",
      journal        = "Acta Phys. Polon.",
      volume         = "B46",
      year           = "2015",
      number         = "12",
      pages          = "2501-2534",
      doi            = "10.5506/APhysPolB.46.2501",
      eprint         = "1507.05267",
      archivePrefix  = "arXiv",
      primaryClass   = "hep-ph",
      reportNumber   = "DESY-15-111, NIKHEF-2015-023, RAL-P-2015-006,
                        JLAB-THY-15-2020",
      SLACcitation   = "%%CITATION = ARXIV:1507.05267;%%"
}
@article{Hosseinkhani:2017rxd,
      author         = "Hosseinkhani, H. and Modarres, M. and Olanj, N.",
      title          = "{Transverse momentum dependent (TMD) parton distribution functions generated in the modified DGLAP formalism based on the valence-like distributions}",
      journal        = "Int. J. Mod. Phys.",
      volume         = "A32",
      year           = "2017",
      number         = "19n20",
      pages          = "1750121",
      doi            = "10.1142/S0217751X17501214",
      SLACcitation   = "%%CITATION = IMPAE,A32,1750121;%%"
}
@article{Dowdall:2019bea,
      author         = "Dowdall, R. J. and Davies, C. T. H. and Horgan, R. R. and Lepage, G. P. and Monahan, C. J. and Shigemitsu, J. and Wingate, M.",
      title          = "{Neutral B-meson mixing from full lattice QCD at the physical point}",
      year           = "2019",
      eprint         = "1907.01025",
      archivePrefix  = "arXiv",
      primaryClass   = "hep-lat",
      reportNumber   = "INT-PUB-19-031",
      SLACcitation   = "%%CITATION = ARXIV:1907.01025;%%"
}
@article{Soltz:2015ula,
      author         = "Soltz, R. A. and DeTar, C. and Karsch, F. and Mukherjee, Swagato and Vranas, P.",
      title          = "{Lattice QCD Thermodynamics with Physical Quark Masses}",
      journal        = "Ann. Rev. Nucl. Part. Sci.",
      volume         = "65",
      year           = "2015",
      pages          = "379-402",
      doi            = "10.1146/annurev-nucl-102014-022157",
      eprint         = "1502.02296",
      archivePrefix  = "arXiv",
      primaryClass   = "hep-lat",
      SLACcitation   = "%%CITATION = ARXIV:1502.02296;%%"
}
@article{Ding:2015ona,
      author         = "Ding, Heng-Tong and Karsch, Frithjof and Mukherjee, Swagato",
      title          = "{Thermodynamics of strong interaction matter from Lattice QCD}",
      journal        = "Int. J. Mod. Phys.",
      volume         = "E24",
      year           = "2015",
      number         = "10",
      pages          = "1530007",
      doi            = "10.1142/S0218301315300076",
      eprint         = "1504.05274",
      archivePrefix  = "arXiv",
      primaryClass   = "hep-lat",
      SLACcitation   = "%%CITATION = ARXIV:1504.05274;%%"
}
@article{Ratti:2018ksb,
      author         = "Ratti, Claudia",
      title          = "{Lattice QCD and heavy ion collisions a review of recent  progress}",
      journal        = "Rept. Prog. Phys.",
      volume         = "81",
      year           = "2018",
      number         = "8",
      pages          = "084301",
      doi            = "10.1088/1361-6633/aabb97",
      eprint         = "1804.07810",
      archivePrefix  = "arXiv",
      primaryClass   = "hep-lat",
      SLACcitation   = "%%CITATION = ARXIV:1804.07810;%%"
}
@article{DeGrand:2015zxa,
      author         = "DeGrand, Thomas",
      title          = "Lattice tests of beyond Standard Model dynamics",
      journal        = "Rev. Mod. Phys.",
      volume         = "88",
      year           = "2016",
      pages          = "015001",
      doi            = "10.1103/RevModPhys.88.015001",
      eprint         = "1510.05018",
      archivePrefix  = "arXiv",
      primaryClass   = "hep-ph",
      reportNumber   = "COLO-HEP-589",
      SLACcitation   = "%%CITATION = ARXIV:1510.05018;%%"
}
@article{Friman:2011pf,
      author         = "Friman, B. and Karsch, F. and Redlich, K. and Skokov, V.",
      title          = "{Fluctuations as probe of the QCD phase transition and freeze-out in heavy ion collisions at LHC and RHIC}",
      journal        = "Eur. Phys. J.",
      volume         = "C71",
      year           = "2011",
      pages          = "1694",
      doi            = "10.1140/epjc/s10052-011-1694-2",
      eprint         = "1103.3511",
      archivePrefix  = "arXiv",
      primaryClass   = "hep-ph",
      reportNumber   = "BI-TP-2011-07",
      SLACcitation   = "%%CITATION = ARXIV:1103.3511;%%"
}
@article{Karsch:2010ck,
      author         = "Karsch, Frithjof and Redlich, Krzysztof",
      title          = "{Probing freeze-out conditions in heavy ion collisions with moments of charge fluctuations}",
      journal        = "Phys. Lett.",
      volume         = "B695",
      year           = "2011",
      pages          = "136-142",
      doi            = "10.1016/j.physletb.2010.10.046",
      eprint         = "1007.2581",
      archivePrefix  = "arXiv",
      primaryClass   = "hep-ph",
      reportNumber   = "CERN-PH-TH-2010-161",
      SLACcitation   = "%%CITATION = ARXIV:1007.2581;%%"
}
@article{Dragos:2019oxn,
      author         = "Dragos, Jack and Luu, Thomas and Shindler, Andrea and de Vries, Jordy and Yousif, Ahmed",
      title          = "{Confirming the Existence of the strong CP Problem in  Lattice QCD with the Gradient Flow}",
      year           = "2019",
      eprint         = "1902.03254",
      archivePrefix  = "arXiv",
      primaryClass   = "hep-lat",
      SLACcitation   = "%%CITATION = ARXIV:1902.03254;%%"
}
@article{Cheng:1987gp,
      author         = "Cheng, Hai-Yang",
      title          = "{The Strong CP Problem Revisited}",
      journal        = "Phys. Rept.",
      volume         = "158",
      year           = "1988",
      pages          = "1",
      doi            = "10.1016/0370-1573(88)90135-4",
      reportNumber   = "IUHET-125-REV, IUHET-125",
      SLACcitation   = "%%CITATION = PRPLC,158,1;%%"
}
@article{Pospelov:2005pr,
      author         = "Pospelov, Maxim and Ritz, Adam",
      title          = "{Electric dipole moments as probes of new physics}",
      journal        = "Annals Phys.",
      volume         = "318",
      year           = "2005",
      pages          = "119-169",
      doi            = "10.1016/j.aop.2005.04.002",
      eprint         = "hep-ph/0504231",
      archivePrefix  = "arXiv",
      primaryClass   = "hep-ph",
      SLACcitation   = "%%CITATION = HEP-PH/0504231;%%"
}
@article{Engel:2013lsa,
      author         = "Engel, Jonathan and Ramsey-Musolf, Michael J. and van Kolck, U.",
      title          = "{Electric Dipole Moments of Nucleons, Nuclei, and Atoms: The Standard Model and Beyond}",
      journal        = "Prog. Part. Nucl. Phys.",
      volume         = "71",
      year           = "2013",
      pages          = "21-74",
      doi            = "10.1016/j.ppnp.2013.03.003",
      eprint         = "1303.2371",
      archivePrefix  = "arXiv",
      primaryClass   = "nucl-th",
      SLACcitation   = "%%CITATION = ARXIV:1303.2371;%%"
}
@article{Semertzidis:2003iq,
      author         = "Semertzidis, Y. K. and others",
      title          = "{A New method for a sensitive deuteron EDM experiment}",
      booktitle      = "{Intersections of particle and nuclear physics. Proceedings, 8th Conference, CIPANP 2003, New York, USA,  May 19-24, 2003}",
      collaboration  = "EDM",
      journal        = "AIP Conf. Proc.",
      volume         = "698",
      year           = "2004",
      number         = "1",
      pages          = "200-204",
      doi            = "10.1063/1.1664226",
      eprint         = "hep-ex/0308063",
      archivePrefix  = "arXiv",
      primaryClass   = "hep-ex",
      SLACcitation   = "%%CITATION = HEP-EX/0308063;%%"
}
@article{Afach:2015sja,
      author         = "Pendlebury, J. M. and others",
      title          = "{Revised experimental upper limit on the electric dipole moment of the neutron}",
      journal        = "Phys. Rev.",
      volume         = "D92",
      year           = "2015",
      number         = "9",
      pages          = "092003",
      doi            = "10.1103/PhysRevD.92.092003",
      eprint         = "1509.04411",
      archivePrefix  = "arXiv",
      primaryClass   = "hep-ex",
      SLACcitation   = "%%CITATION = ARXIV:1509.04411;%%"
}
@article{Lenisa:2017okq,
      author         = "Lenisa, Paolo and Rathmann, Frank",
      title          = "{COSY Prepares the First Measurement of the Deuteron Electric Dipole Moment}",
      journal        = "Nucl. Phys. News",
      volume         = "27",
      year           = "2017",
      number         = "3",
      pages          = "10-13",
      doi            = "10.1080/10619127.2017.1317175",
      SLACcitation   = "%%CITATION = 00112,27,10;%%"
}
@article{Chupp:2017rkp,
      author         = "Chupp, Timothy and Fierlinger, Peter and Ramsey-Musolf,  Michael and Singh, Jaideep",
      title          = "{Electric dipole moments of atoms, molecules, nuclei, and  particles}",
      journal        = "Rev. Mod. Phys.",
      volume         = "91",
      year           = "2019",
      number         = "1",
      pages          = "015001",
      doi            = "10.1103/RevModPhys.91.015001",
      eprint         = "1710.02504",
      archivePrefix  = "arXiv",
      primaryClass   = "physics.atom-ph",
      reportNumber   = "ACFI-T17-18",
      SLACcitation   = "%%CITATION = ARXIV:1710.02504;%%"
}
@article{Mooser:2014vla,
      author         = "Mooser, A. and Ulmer, S. and Blaum, K. and Franke, K. and  Kracke, H. and Leiteritz, C. and Quint, W and Rodegheri,  C. C. and Smorra, C. and Walz, J.",
      title          = "{Direct high-precision measurement of the magnetic moment  of the proton}",
      collaboration  = "BASE",
      journal        = "Nature",
      volume         = "509",
      year           = "2014",
      pages          = "596-599",
      doi            = "10.1038/nature13388",
      eprint         = "1406.4888",
      archivePrefix  = "arXiv",
      primaryClass   = "physics.atom-ph",
      SLACcitation   = "%%CITATION = ARXIV:1406.4888;%%"
}
@article{Smorra:2018syp,
      author         = "Smorra, Christian and others",
      title          = "{350-fold improved measurement of the antiproton magnetic moment using a multi-trap method}",
      booktitle      = "{Proceedings, 13th International Conference on Low Energy  Antiproton Physics (LEAP 2018): Paris, France, March 12-16, 2018}",
      journal        = "Hyperfine Interact.",
      volume         = "239",
      year           = "2018",
      number         = "1",
      pages          = "47",
      doi            = "10.1007/s10751-018-1507-1",
      SLACcitation   = "%%CITATION = HYIND,239,47;%%"
}
@article{Smorra:2016vxa,
      author         = "Smorra, C. and others",
      title          = "{A parts-per-billion measurement of the antiproton magnetic moment}",
      collaboration  = "BASE",
      journal        = "Nature",
      volume         = "550",
      year           = "2017",
      number         = "7676",
      pages          = "371-374",
      doi            = "10.1038/nature24048",
      SLACcitation   = "%%CITATION = NATUA,550,371;%%"
}
@article{Antognini:2015moa,
      author         = "Antognini, A. and others",
      title          = "{Experiments towards resolving the proton charge radius puzzle}",
      booktitle      = "{Proceedings, 21st International Conference on Few-Body  Problems in Physics (FB21): Chicago, IL, USA, May 18-22,  2015}",
      journal        = "EPJ Web Conf.",
      volume         = "113",
      year           = "2016",
      pages          = "01006",
      doi            = "10.1051/epjconf/201611301006",
      eprint         = "1509.03235",
      archivePrefix  = "arXiv",
      primaryClass   = "physics.atom-ph",
      SLACcitation   = "%%CITATION = ARXIV:1509.03235;%%"
}
@article{Pohl:2010zza,
      author         = "Pohl, Randolf and others",
      title          = "{The size of the proton}",
      journal        = "Nature",
      volume         = "466",
      year           = "2010",
      pages          = "213-216",
      doi            = "10.1038/nature09250",
      SLACcitation   = "%%CITATION = NATUA,466,213;%%"
}
@article{Antognini:2005fe,
      author         = "Antognini, A. and others",
      title          = "{The 2S Lamb shift in muonic hydrogen and the proton rms charge radius}",
      booktitle      = "{Proceedings, 8th International Conference on Low energy antiproton physics (LEAP'05): Bonn, Germany, May 16-22, 2005}",
      journal        = "AIP Conf. Proc.",
      volume         = "796",
      year           = "2005",
      number         = "1",
      pages          = "253-259",
      doi            = "10.1063/1.2130175",
      SLACcitation   = "%%CITATION = APCPC,796,253;%%"
}
@article{Bernauer:2010wm,
      author         = "Bernauer, J. C. and others",
      title          = "{High-precision determination of the electric and magnetic form factors of the proton}",
      collaboration  = "A1",
      journal        = "Phys. Rev. Lett.",
      volume         = "105",
      year           = "2010",
      pages          = "242001",
      doi            = "10.1103/PhysRevLett.105.242001",
      eprint         = "1007.5076",
      archivePrefix  = "arXiv",
      primaryClass   = "nucl-ex",
      SLACcitation   = "%%CITATION = ARXIV:1007.5076;%%"
}
@article{Gilman:2013eiv,
      author         = "Gilman, R. and others",
      title          = "{Studying the Proton "Radius" Puzzle with $\mu$ p Elastic Scattering}",
      collaboration  = "MUSE",
      year           = "2013",
      eprint         = "1303.2160",
      archivePrefix  = "arXiv",
      primaryClass   = "nucl-ex",
      SLACcitation   = "%%CITATION = ARXIV:1303.2160;%%"
}
@article{Denisov:2018unj,
      author         = "Adams, B. and others",
      title          = "{Letter of Intent: A New QCD facility at the M2 beam line of the CERN SPS (COMPASS++/AMBER)}",
      year           = "2018",
      eprint         = "1808.00848",
      archivePrefix  = "arXiv",
      primaryClass   = "hep-ex",
      reportNumber   = "CERN-SPSC-2019-003 (SPSC-I-250)",
      SLACcitation   = "%%CITATION = ARXIV:1808.00848;%%"
}
@article{Hill:2017wgb,
      author         = "Hill, Richard J. and Kammel, Peter and Marciano, William J. and Sirlin, Alberto",
      title          = "{Nucleon Axial Radius and Muonic Hydrogen:  A New Analysis and Review}",
      journal        = "Rept. Prog. Phys.",
      volume         = "81",
      year           = "2018",
      number         = "9",
      pages          = "096301",
      doi            = "10.1088/1361-6633/aac190",
      eprint         = "1708.08462",
      archivePrefix  = "arXiv",
      primaryClass   = "hep-ph",
      reportNumber   = "FERMILAB-PUB-17-343-T, INT-PUB-18-038",
      SLACcitation   = "%%CITATION = ARXIV:1708.08462;%%"
}
@article{Alemany:2019vsk,
      author         = "Alemany, R. and others",
      editor         = "Jaeckel, J. and Lamont, M. and Vallée, C.",
      title          = "{Summary Report of Physics Beyond Colliders at CERN}",
      year           = "2019",
      eprint         = "1902.00260",
      archivePrefix  = "arXiv",
      primaryClass   = "hep-ex",
      reportNumber   = "CERN-PBC-REPORT-2018-003",
      SLACcitation   = "%%CITATION = ARXIV:1902.00260;%%"
}

@article{Abada:2019lih,
      author         = "Abada, A. and others",
      title          = "{FCC Physics Opportunities}",
      collaboration  = "FCC",
      journal        = "Eur. Phys. J.",
      volume         = "C79",
      year           = "2019",
      number         = "6",
      pages          = "474",
      doi            = "10.1140/epjc/s10052-019-6904-3",
      reportNumber   = "CERN-ACC-2018-0056",
      SLACcitation   = "%%CITATION = EPHJA,C79,474;%%"
}

@conference{Hallman:2019,
      author = "Timothy J. Hallman",
      title = "Perspectives from DOE NP",
      url = "https://indico.in2p3.fr/event/18281/contributions/70135/",
      year = "2019",
      note = "2019 EIC User Group Meeting"
}

@article{dEnterria:2007jwb,
      author         = "d'Enterria, David G.",
      title          = "{Experimental tests of small-x QCD}",
      booktitle      = "{Proceedings, 9th Workshop o Non-Perturbative Quantum
                        Chromodynamics: Paris, France, June 4-8, 2007}",
      journal        = "eConf",
      volume         = "C0706044",
      year           = "2007",
      pages          = "17",
      note           = "[,359(2007)]",
      eprint         = "0706.4182",
      archivePrefix  = "arXiv",
      primaryClass   = "hep-ex",
      reportNumber   = "PARIS-2007-17",
      SLACcitation   = "%%CITATION = ARXIV:0706.4182;%%"
}
@conference{Britzger:2017,
      author = "Britzger, D. and Klein, M.",
      title = "Electroweak physics with inclusive DIS at the LHeC and FCC eh",
      url  = "https://indico.cern.ch/event/568360/contributions/252 626/",
      year = "2017",
      note = "25th International Workshop on Deep Inelastic Scattering and Related Topics, Birmingham" 
}

@inproceedings{dEnterria:2019its,
      author         = "d'Enterria, David and others",
      title          = "{$\alpha_s$(2019): Precision measurements of the QCD
                        coupling}",
      booktitle      = "{Workshop on precision measurements of the QCD coupling
                        constant (alphas-2019) Trento, Trentino, Italy, February
                        11-15, 2019}",
      year           = "2019",
      eprint         = "1907.01435",
      archivePrefix  = "arXiv",
      primaryClass   = "hep-ph",
      SLACcitation   = "%%CITATION = ARXIV:1907.01435;%%"
}

@article{Bruce:2018yzs,
      author         = "Bruce, Roderik and others",
      title          = "{New physics searches with heavy-ion collisions at the
                        LHC}",
      year           = "2018",
      eprint         = "1812.07688",
      archivePrefix  = "arXiv",
      primaryClass   = "hep-ph",
      SLACcitation   = "%%CITATION = ARXIV:1812.07688;%%"
}

@article{Tanabashi:2018oca,
      author         = "Tanabashi, M. and others",
      title          = "{Review of Particle Physics}",
      collaboration  = "Particle Data Group",
      journal        = "Phys. Rev. D",
      volume         = "98",
      year           = "2018",
      number         = "3",
      pages          = "030001",
      doi            = "10.1103/PhysRevD.98.030001",
      SLACcitation   = "%%CITATION = PHRVA,D98,030001;%%"
}

@proceedings{Anderle:2017qwx,
      editor         = "d'Enterria, David and Skands, Peter Z.",
      title          = "{Proceedings, Parton Radiation and Fragmentation from LHC
                        to FCC-ee}",
      year           = "2017",
      eprint         = "1702.01329",
      archivePrefix  = "arXiv",
      primaryClass   = "hep-ph",
      reportNumber   = "COEPP-MN-17-1",
      SLACcitation   = "%%CITATION = ARXIV:1702.01329;%%"
}

@article{Accardi:2009qv,
      author         = "Accardi, A. and Arleo, F. and Brooks, W. K. and
                        D'Enterria, David and Muccifora, V.",
      title          = "{Parton Propagation and Fragmentation in QCD Matter}",
      journal        = "Riv. Nuovo Cim.",
      volume         = "32",
      year           = "2010",
      pages          = "439-553",
      doi            = "10.1393/ncr/i2009-10048-0",
      eprint         = "0907.3534",
      archivePrefix  = "arXiv",
      primaryClass   = "nucl-th",
      reportNumber   = "JLAB-THY-09-1038",
      SLACcitation   = "%%CITATION = ARXIV:0907.3534;%%"
}
@article{Galatyuk:2019lcf,
      author         = "Galatyuk, Tetyana",
      title          = "{Future facilities for high $\mu_B$ physics}",
      booktitle      = "{Proceedings, 27th International Conference on
                        Ultrarelativistic Nucleus-Nucleus Collisions (Quark Matter
                        2018): Venice, Italy, May 14-19, 2018}",
      journal        = "Nucl. Phys.",
      volume         = "A982",
      year           = "2019",
      pages          = "163-169",
      doi            = "10.1016/j.nuclphysa.2018.11.025",
      SLACcitation   = "%%CITATION = NUPHA,A982,163;%%"
}

@article{Friman:2011zz,
      author         = "Friman, Bengt and Hohne, Claudia and Knoll, Jorn and
                        Leupold, Stefan and Randrup, Jorgen and Rapp, Ralf and
                        Senger, Peter",
      title          = "{The CBM physics book: Compressed baryonic matter in
                        laboratory experiments}",
      journal        = "Lect. Notes Phys.",
      volume         = "814",
      year           = "2011",
      pages          = "pp.1-980",
      doi            = "10.1007/978-3-642-13293-3",
      SLACcitation   = "%%CITATION = LNPHA,814,pp.1;%%"
}

@article{Brodsky:2012vg,
      author         = "Brodsky, S. J. and Fleuret, F. and Hadjidakis, C. and
                        Lansberg, J. P.",
      title          = "{Physics Opportunities of a Fixed-Target Experiment using
                        the LHC Beams}",
      journal        = "Phys. Rept.",
      volume         = "522",
      year           = "2013",
      pages          = "239-255",
      doi            = "10.1016/j.physrep.2012.10.001",
      eprint         = "1202.6585",
      archivePrefix  = "arXiv",
      primaryClass   = "hep-ph",
      reportNumber   = "SLAC-PUB-14878",
      SLACcitation   = "%%CITATION = ARXIV:1202.6585;%%"
}

@article{Aaij:2018ogq,
      author         = "Aaij, Roel and others",
      title          = "{First Measurement of Charm Production in its
                        Fixed-Target Configuration at the LHC}",
      collaboration  = "LHCb",
      journal        = "Phys. Rev. Lett.",
      volume         = "122",
      year           = "2019",
      number         = "13",
      pages          = "132002",
      doi            = "10.1103/PhysRevLett.122.132002",
      eprint         = "1810.07907",
      archivePrefix  = "arXiv",
      primaryClass   = "hep-ex",
      reportNumber   = "LHCb-PAPER-2018-023, CERN-EP-2018-266",
      SLACcitation   = "%%CITATION = ARXIV:1810.07907;%%"
}

@article{Aaij:2018svt,
      author         = "Aaij, Roel and others",
      title          = "{Measurement of Antiproton Production in ${\rm p He}$
                        Collisions at $\sqrt{s_{NN}}=110$ GeV}",
      collaboration  = "LHCb",
      journal        = "Phys. Rev. Lett.",
      volume         = "121",
      year           = "2018",
      number         = "22",
      pages          = "222001",
      doi            = "10.1103/PhysRevLett.121.222001",
      eprint         = "1808.06127",
      archivePrefix  = "arXiv",
      primaryClass   = "hep-ex",
      reportNumber   = "LHCb-PAPER-2018-031, CERN-EP-2018-217",
      SLACcitation   = "%%CITATION = ARXIV:1808.06127;%%"
}