% -- include here the bibtex style bibliography items for your section
@article{Salam:1968rm,
      author         = "Salam, Abdus",
      title          = "{Weak and Electromagnetic Interactions}",
      booktitle      = "{8th Nobel Symposium Lerum, Sweden, May 19-25, 1968}",
      journal        = "Conf. Proc.",
      volume         = "C680519",
      year           = "1968",
      pages          = "367-377",
      SLACcitation   = "%%CITATION = CONFP,C680519,367;%%"
}

@article{Weinberg:1967tq,
      author         = "Weinberg, Steven",
      title          = "{A Model of Leptons}",
      journal        = "Phys. Rev. Lett.",
      volume         = "19",
      year           = "1967",
      pages          = "1264-1266",
      doi            = "10.1103/PhysRevLett.19.1264",
      SLACcitation   = "%%CITATION = PRLTA,19,1264;%%"
}

@article{Aad:2012tfa,
      author = "{ATLAS Collaboration}",
      title          = "{Observation of a new particle in the search for the
                        Standard Model Higgs boson with the ATLAS detector at the
                        LHC}",
      journal        = "Phys. Lett.",
      volume         = "B716",
      year           = "2012",
      pages          = "1-29",
      doi            = "10.1016/j.physletb.2012.08.020",
      eprint         = "1207.7214",
      archivePrefix  = "arXiv",
      primaryClass   = "hep-ex",
      reportNumber   = "CERN-PH-EP-2012-218",
      SLACcitation   = "%%CITATION = ARXIV:1207.7214;%%"
}
@article{Chatrchyan:2012xdj,
      author = {CMS Collaboration}, 
      title          = "{Observation of a New Boson at a Mass of 125 GeV with the
                        CMS Experiment at the LHC}",
      collaboration  = "CMS",
      journal        = "Phys. Lett.",
      volume         = "B716",
      year           = "2012",
      pages          = "30-61",
      doi            = "10.1016/j.physletb.2012.08.021",
      eprint         = "1207.7235",
      archivePrefix  = "arXiv",
      primaryClass   = "hep-ex",
      reportNumber   = "CMS-HIG-12-028, CERN-PH-EP-2012-220",
      SLACcitation   = "%%CITATION = ARXIV:1207.7235;%%"
}


@article{Freitas:2019bre,
      author         = "Freitas, A. and others",
      title          = "{Theoretical uncertainties for electroweak and
                        Higgs-boson precision measurements at FCC-ee}",
      year           = "2019",
      eprint         = "1906.05379",
      archivePrefix  = "arXiv",
      primaryClass   = "hep-ph",
      reportNumber   = "IFT-UAM/CSIC-18-021, TUM-HEP-1185/19, KW 19-001,
                        TTK-19-20, UWThPh
  2019-16, IFJPAN-IV-2019-8,
                        FR-PHENO-2019-010, DESY 19-105",
      SLACcitation   = "%%CITATION = ARXIV:1906.05379;%%"
}

@article{deBlas:2019rxi,
      author         = "De Blas, J. and others",
      title          = "{Higgs Boson Studies at Future Particle Colliders}",
      year           = "2019",
      eprint         = "1905.03764",
      archivePrefix  = "arXiv",
      primaryClass   = "hep-ph",
      SLACcitation   = "%%CITATION = ARXIV:1905.03764;%%"
}
@article{Frixione:2002ik,
      author         = "Frixione, Stefano and Webber, Bryan R.",
      title          = "{Matching NLO QCD computations and parton shower
                        simulations}",
      journal        = "JHEP",
      volume         = "06",
      year           = "2002",
      pages          = "029",
      doi            = "10.1088/1126-6708/2002/06/029",
      eprint         = "hep-ph/0204244",
      archivePrefix  = "arXiv",
      primaryClass   = "hep-ph",
      reportNumber   = "CAVENDISH-HEP-02-01, LAPTH-905-02, GEF-TH-2-2002",
      SLACcitation   = "%%CITATION = HEP-PH/0204244;%%"
}

@article{Vogt:2004mw,
      author         = "Vogt, A. and Moch, S. and Vermaseren, J. A. M.",
      title          = "{The Three-loop splitting functions in QCD: The Singlet
                        case}",
      journal        = "Nucl. Phys.",
      volume         = "B691",
      year           = "2004",
      pages          = "129-181",
      doi            = "10.1016/j.nuclphysb.2004.04.024",
      eprint         = "hep-ph/0404111",
      archivePrefix  = "arXiv",
      primaryClass   = "hep-ph",
      reportNumber   = "NIKHEF-04-004, DESY-04-060, SFB-CPP-04-12",
      SLACcitation   = "%%CITATION = HEP-PH/0404111;%%"
}
@article{Moch:2004pa,
      author         = "Moch, S. and Vermaseren, J. A. M. and Vogt, A.",
      title          = "{The Three loop splitting functions in QCD: The
                        Nonsinglet case}",
      journal        = "Nucl. Phys.",
      volume         = "B688",
      year           = "2004",
      pages          = "101-134",
      doi            = "10.1016/j.nuclphysb.2004.03.030",
      eprint         = "hep-ph/0403192",
      archivePrefix  = "arXiv",
      primaryClass   = "hep-ph",
      reportNumber   = "DESY-04-047, SFB-CPP-04-09, NIKHEF-04-001",
      SLACcitation   = "%%CITATION = HEP-PH/0403192;%%"
}
@article{Mistlberger:2018etf,
      author         = "Mistlberger, Bernhard",
      title          = "{Higgs boson production at hadron colliders at N$^{3}$LO
                        in QCD}",
      journal        = "JHEP",
      volume         = "05",
      year           = "2018",
      pages          = "028",
      doi            = "10.1007/JHEP05(2018)028",
      eprint         = "1802.00833",
      archivePrefix  = "arXiv",
      primaryClass   = "hep-ph",
      reportNumber   = "CERN-TH-2018-018",
      SLACcitation   = "%%CITATION = ARXIV:1802.00833;%%"
}
@article{Butterworth:2015oua,
      author         = "Butterworth, Jon and others",
      title          = "{PDF4LHC recommendations for LHC Run II}",
      journal        = "J. Phys.",
      volume         = "G43",
      year           = "2016",
      pages          = "023001",
      doi            = "10.1088/0954-3899/43/2/023001",
      eprint         = "1510.03865",
      archivePrefix  = "arXiv",
      primaryClass   = "hep-ph",
      reportNumber   = "OUTP-15-17P, SMU-HEP-15-12, TIF-UNIMI-2015-14,
                        LCTS-2015-27, CERN-PH-TH-2015-249",
      SLACcitation   = "%%CITATION = ARXIV:1510.03865;%%"
}

@article{Reina:2001sf,
      author         = "Reina, L. and Dawson, S.",
      title          = "{Next-to-leading order results for t anti-t h production
                        at the Tevatron}",
      journal        = "Phys. Rev. Lett.",
      volume         = "87",
      year           = "2001",
      pages          = "201804",
      doi            = "10.1103/PhysRevLett.87.201804",
      eprint         = "hep-ph/0107101",
      archivePrefix  = "arXiv",
      primaryClass   = "hep-ph",
      reportNumber   = "FSU-HEP-2001-0601, BNL-HET-01-20",
      SLACcitation   = "%%CITATION = HEP-PH/0107101;%%"
}

@article{Caola:2017xuq,
      author         = "Caola, Fabrizio and Luisoni, Gionata and Melnikov, Kirill
                        and R{\"o}ntsch, Raoul",
      title          = "{NNLO QCD corrections to associated $WH$ production and
                        $H \to b \bar b$ decay}",
      journal        = "Phys. Rev.",
      volume         = "D97",
      year           = "2018",
      number         = "7",
      pages          = "074022",
      doi            = "10.1103/PhysRevD.97.074022",
      eprint         = "1712.06954",
      archivePrefix  = "arXiv",
      primaryClass   = "hep-ph",
      reportNumber   = "IPPP-17-107, TTP17-056, MPP-2017-257",
      SLACcitation   = "%%CITATION = ARXIV:1712.06954;%%"
}

@article{Ferrera:2017zex,
      author         = "Ferrera, Giancarlo and Somogyi, GÃ¡bor and Tramontano,
                        Francesco",
      title          = "{Associated production of a Higgs boson decaying into
                        bottom quarks at the LHC in full NNLO QCD}",
      journal        = "Phys. Lett.",
      volume         = "B780",
      year           = "2018",
      pages          = "346-351",
      doi            = "10.1016/j.physletb.2018.03.021",
      eprint         = "1705.10304",
      archivePrefix  = "arXiv",
      primaryClass   = "hep-ph",
      reportNumber   = "TIF-UNIMI-2017-5",
      SLACcitation   = "%%CITATION = ARXIV:1705.10304;%%"
}

@article{Cieri:2018oms,
      author         = "Cieri, Leandro and Chen, Xuan and Gehrmann, Thomas and
                        Glover, E. W. N. and Huss, Alexander",
      title          = "{Higgs boson production at the LHC using the $q_T$
                        subtraction formalism at N$^3$LO QCD}",
      journal        = "JHEP",
      volume         = "02",
      year           = "2019",
      pages          = "096",
      doi            = "10.1007/JHEP02(2019)096",
      eprint         = "1807.11501",
      archivePrefix  = "arXiv",
      primaryClass   = "hep-ph",
      reportNumber   = "ZU-TH 27/18, IPPP/18/67, CERN-TH-2018-167",
      SLACcitation   = "%%CITATION = ARXIV:1807.11501;%%"
}

@article{Dulat:2018rbf,
      author         = "Dulat, Falko and Lazopoulos, Achilleas and Mistlberger,
                        Bernhard",
      title          = "{iHixs 2 - Inclusive Higgs cross sections}",
      journal        = "Comput. Phys. Commun.",
      volume         = "233",
      year           = "2018",
      pages          = "243-260",
      doi            = "10.1016/j.cpc.2018.06.025",
      eprint         = "1802.00827",
      archivePrefix  = "arXiv",
      primaryClass   = "hep-ph",
      reportNumber   = "CERN-TH-2018-019, SLAC-PUB-17222",
      SLACcitation   = "%%CITATION = ARXIV:1802.00827;%%"
}

@article{Dulat:2018bfe,
      author         = "Dulat, Falko and Mistlberger, Bernhard and Pelloni,
                        Andrea",
      title          = "{Precision predictions at N$^3$LO for the Higgs boson
                        rapidity distribution at the LHC}",
      journal        = "Phys. Rev.",
      volume         = "D99",
      year           = "2019",
      number         = "3",
      pages          = "034004",
      doi            = "10.1103/PhysRevD.99.034004",
      eprint         = "1810.09462",
      archivePrefix  = "arXiv",
      primaryClass   = "hep-ph",
      reportNumber   = "SLAC-PUB-17342, MIT-CTP/5072",
      SLACcitation   = "%%CITATION = ARXIV:1810.09462;%%"
}

@article{Cruz-Martinez:2018dvl,
      author         = "Cruz-Martinez, Juan and Glover, E. W. Nigel and Gehrmann,
                        Thomas and Huss, Alexander",
      title          = "{NNLO corrections to VBF Higgs boson production}",
      booktitle      = "{Proceedings, 14th DESY Workshop on Elementary Particle
                        Physics: Loops and Legs in Quantum Field Theory 2018
                        (LL2018): St. Goar, Germany, April 29-May 04, 2018}",
      journal        = "PoS",
      volume         = "LL2018",
      year           = "2018",
      pages          = "003",
      doi            = "10.22323/1.303.0003",
      eprint         = "1807.07908",
      archivePrefix  = "arXiv",
      primaryClass   = "hep-ph",
      SLACcitation   = "%%CITATION = ARXIV:1807.07908;%%"
}

@article{Cacciari:2015jma,
      author         = "Cacciari, Matteo and Dreyer, FrÃ©dÃ©ric A. and Karlberg,
                        Alexander and Salam, Gavin P. and Zanderighi, Giulia",
      title          = "{Fully Differential Vector-Boson-Fusion Higgs Production
                        at Next-to-Next-to-Leading Order}",
      journal        = "Phys. Rev. Lett.",
      volume         = "115",
      year           = "2015",
      number         = "8",
      pages          = "082002",
      doi            = "10.1103/PhysRevLett.115.082002,
                        10.1103/PhysRevLett.120.139901",
      note           = "[Erratum: Phys. Rev. Lett.120,no.13,139901(2018)]",
      eprint         = "1506.02660",
      archivePrefix  = "arXiv",
      primaryClass   = "hep-ph",
      reportNumber   = "CERN-PH-TH-2015-127, OUTP-15-12P",
      SLACcitation   = "%%CITATION = ARXIV:1506.02660;%%"
}
@article{Figy:2007kv,
      author         = "Figy, Terrance and Hankele, Vera and Zeppenfeld, Dieter",
      title          = "{Next-to-leading order QCD corrections to Higgs plus
                        three jet production in vector-boson fusion}",
      journal        = "JHEP",
      volume         = "02",
      year           = "2008",
      pages          = "076",
      doi            = "10.1088/1126-6708/2008/02/076",
      eprint         = "0710.5621",
      archivePrefix  = "arXiv",
      primaryClass   = "hep-ph",
      reportNumber   = "IPPP-07-82, DCPT-07-164, KA-TP-28-2007",
      SLACcitation   = "%%CITATION = ARXIV:0710.5621;%%"
}
@article{Beenakker:2002nc,
      author         = "Beenakker, W. and Dittmaier, S. and Kramer, M. and
                        Plumper, B. and Spira, M. and Zerwas, P. M.",
      title          = "{NLO QCD corrections to t anti-t H production in hadron
                        collisions}",
      journal        = "Nucl. Phys.",
      volume         = "B653",
      year           = "2003",
      pages          = "151-203",
      doi            = "10.1016/S0550-3213(03)00044-0",
      eprint         = "hep-ph/0211352",
      archivePrefix  = "arXiv",
      primaryClass   = "hep-ph",
      reportNumber   = "DESY-02-177, EDINBURGH-2002-18, MPI-PHT-2002-70,
                        PSI-PR-02-22",
      SLACcitation   = "%%CITATION = HEP-PH/0211352;%%"
}
@article{Yu:2014cka,
      author         = "Zhang, Yu and Ma, Wen-Gan and Zhang, Ren-You and Chen,
                        Chong and Guo, Lei",
      title          = "{QCD NLO and EW NLO corrections to $t\bar{t}H$ production
                        with top quark decays at hadron collider}",
      journal        = "Phys. Lett.",
      volume         = "B738",
      year           = "2014",
      pages          = "1-5",
      doi            = "10.1016/j.physletb.2014.09.022",
      eprint         = "1407.1110",
      archivePrefix  = "arXiv",
      primaryClass   = "hep-ph",
      SLACcitation   = "%%CITATION = ARXIV:1407.1110;%%"
}
@article{Jones:2018hbb,
      author         = "Jones, S. P. and Kerner, M. and Luisoni, G.",
      title          = "{Next-to-Leading-Order QCD Corrections to Higgs Boson
                        Plus Jet Production with Full Top-Quark Mass Dependence}",
      journal        = "Phys. Rev. Lett.",
      volume         = "120",
      year           = "2018",
      number         = "16",
      pages          = "162001",
      doi            = "10.1103/PhysRevLett.120.162001",
      eprint         = "1802.00349",
      archivePrefix  = "arXiv",
      primaryClass   = "hep-ph",
      reportNumber   = "MPP-2018-7",
      SLACcitation   = "%%CITATION = ARXIV:1802.00349;%%"
}
@article{Blondel:2019qlh,
      author         = "Blondel, Alain and Freitas, Ayres and Gluza, Janusz and
                        Riemann, Tord and Heinemeyer, Sven and Jadach, Stanislaw
                        and Janot, Patrick",
      title          = "{Theory Requirements and Possibilities for the FCC-ee and
                        other Future High Energy and Precision Frontier Lepton
                        Colliders}",
      year           = "2019",
      eprint         = "1901.02648",
      archivePrefix  = "arXiv",
      primaryClass   = "hep-ph",
      SLACcitation   = "%%CITATION = ARXIV:1901.02648;%%"
}
@article{Lepage:2014fla,
      author         = "Lepage, G. Peter and Mackenzie, Paul B. and Peskin,
                        Michael E.",
      title          = "{Expected Precision of Higgs Boson Partial Widths within
                        the Standard Model}",
      year           = "2014",
      eprint         = "1404.0319",
      archivePrefix  = "arXiv",
      primaryClass   = "hep-ph",
      reportNumber   = "FERMILAB-PUB-14-068-T, SLAC-PUB-15936",
      SLACcitation   = "%%CITATION = ARXIV:1404.0319;%%"
}
@article{deFlorian:2016spz,
      author         = "de Florian, D. and others",
      title          = "{Handbook of LHC Higgs Cross Sections: 4. Deciphering the
                        Nature of the Higgs Sector}",
      collaboration  = "LHC Higgs Cross Section Working Group",
      doi            = "10.23731/CYRM-2017-002",
      year           = "2016",
      eprint         = "1610.07922",
      archivePrefix  = "arXiv",
      primaryClass   = "hep-ph",
      reportNumber   = "FERMILAB-FN-1025-T, CERN-2017-002-M",
      SLACcitation   = "%%CITATION = ARXIV:1610.07922;%%"
}
@article{LEP-2,
author = "{The ALEPH, DELPHI, L3, OPAL Collaborations, the LEP Electroweak Working Group}",
title = "{Electroweak Measurements in Electron-Positron Collisions at W-Boson-Pair Energies at LEP}",
journal = "Phys. Rept.",
volume = "532",
year = "2013",
pages = "119",
eprint = "1302.3415",
archivePrefix = "arXiv",
primaryClass = "hep-ex",
reportNumber = "CERN-PH-EP-2013-022",
SLACcitation = "%%CITATION = ARXIV:1302.3415;%%",
}

@article{ALEPH:2010aa,
      author         = "LEP Electroweak Working Group",
      title          = "{Precision Electroweak Measurements and Constraints on
                        the Standard Model}",
      collaboration  = "ALEPH, CDF, D0, DELPHI, L3, OPAL, SLD, LEP Electroweak
                        Working Group, Tevatron Electroweak Working Group, SLD
                        Electroweak and Heavy Flavour Groups",
      year           = "2010",
      eprint         = "1012.2367",
      archivePrefix  = "arXiv",
      primaryClass   = "hep-ex",
      reportNumber   = "CERN-PH-EP-2010-095, FERMILAB-TM-2480-PPD,
                        LEPEWWG-2010-01, TEVEWWG-2010-01,
                        ALEPH-2010-001-PHYSICS-2010-001, CDF-NOTE-10338,
                        D0-NOTE-6130, DELPHI-DELPHI-2010-001-PHYS-952,
                        L3-NOTE-2837, OPAL-PR432, SLAC-PUB-14301",
      SLACcitation   = "%%CITATION = ARXIV:1012.2367;%%"
}

@article{Barbieri:2004qk,
      author         = "Barbieri, Riccardo and Pomarol, Alex and Rattazzi,
                        Riccardo and Strumia, Alessandro",
      title          = "{Electroweak symmetry breaking after LEP-1 and LEP-2}",
      journal        = "Nucl. Phys.",
      volume         = "B703",
      year           = "2004",
      pages          = "127-146",
      doi            = "10.1016/j.nuclphysb.2004.10.014",
      eprint         = "hep-ph/0405040",
      archivePrefix  = "arXiv",
      primaryClass   = "hep-ph",
      reportNumber   = "CERN-PH-TH-2004-075, IFUP-TH-2004-13, UAB-FT-565",
      SLACcitation   = "%%CITATION = HEP-PH/0405040;%%"
}

@article{tevmw,
      author         = "Aaltonen, Timo Antero and others",
      title          = "{Combination of CDF and D0 $W$-Boson Mass Measurements}",
      collaboration  = "CDF, D0",
      journal        = "Phys. Rev.",
      volume         = "D88",
      year           = "2013",
      number         = "5",
      pages          = "052018",
      doi            = "10.1103/PhysRevD.88.052018",
      eprint         = "1307.7627",
      archivePrefix  = "arXiv",
      primaryClass   = "hep-ex",
      reportNumber   = "FERMILAB-PUB-13-289-E",
      SLACcitation   = "%%CITATION = ARXIV:1307.7627;%%"
}

@article{tevmtop,
      author         = "Aaltonen, T. and others",
      title          = "{Combination of the top-quark mass measurements from the
                        Tevatron collider}",
      collaboration  = "CDF, D0",
      journal        = "Phys. Rev.",
      volume         = "D86",
      year           = "2012",
      pages          = "092003",
      doi            = "10.1103/PhysRevD.86.092003",
      eprint         = "1207.1069",
      archivePrefix  = "arXiv",
      primaryClass   = "hep-ex",
      reportNumber   = "FERMILAB-PUB-12-336-E-TD",
      SLACcitation   = "%%CITATION = ARXIV:1207.1069;%%"
}

@article{atlasmw,
author = "{ATLAS Collaboration}",
      title          = "{Measurement of the $W$-boson mass in pp collisions at
                        $\sqrt{s}=7$ TeV with the ATLAS detector}",
      %collaboration  = "ATLAS",
      journal        = "Eur. Phys. J.",
      volume         = "C78",
      year           = "2018",
      number         = "2",
      pages          = "110",
      doi            = "10.1140/epjc/s10052-018-6354-3,
                        10.1140/epjc/s10052-017-5475-4",
      note           = "[Erratum: Eur. Phys. J.C78,no.11,898(2018)]",
      eprint         = "1701.07240",
      archivePrefix  = "arXiv",
      primaryClass   = "hep-ex",
      reportNumber   = "CERN-EP-2016-305",
      SLACcitation   = "%%CITATION = ARXIV:1701.07240;%%"
}

@article{Haller:2018nnx,
      author         = "Haller, Johannes and Hoecker, Andreas and Kogler, Roman
                        and MÃ¶nig, Klaus and Peiffer, Thomas and Stelzer, JÃ¶rg",
      title          = "{Update of the global electroweak fit and constraints on
                        two-Higgs-doublet models}",
      journal        = "Eur. Phys. J.",
      volume         = "C78",
      year           = "2018",
      number         = "8",
      pages          = "675",
      doi            = "10.1140/epjc/s10052-018-6131-3",
      eprint         = "1803.01853",
      archivePrefix  = "arXiv",
      primaryClass   = "hep-ph",
      SLACcitation   = "%%CITATION = ARXIV:1803.01853;%%"
}

@article{LHCHiggsCrossSectionWorkingGroup:2012nn,
      author         = "David, A. and Denner, A. and Duehrssen, M. and Grazzini,
                        M. and Grojean, C. and Passarino, G. and Schumacher, M.
                        and Spira, M. and Weiglein, G. and Zanetti, M.",
      title          = "{LHC HXSWG interim recommendations to explore the
                        coupling structure of a Higgs-like particle}",
      collaboration  = "LHC Higgs Cross Section Working Group",
      year           = "2012",
      eprint         = "1209.0040",
      archivePrefix  = "arXiv",
      primaryClass   = "hep-ph",
      reportNumber   = "CERN-PH-TH-2012-284, LHCHXSWG-2012-001",
      SLACcitation   = "%%CITATION = ARXIV:1209.0040;%%"
}

@article{LHCHXSWG3,
      author         = "Andersen, J R and others",
      editor         = "Heinemeyer, S and Mariotti, C and Passarino, G and
                        Tanaka, R",
      title          = "{Handbook of LHC Higgs Cross Sections: 3. Higgs
                        Properties}",
      collaboration  = "LHC Higgs Cross Section Working Group",
      doi            = "10.5170/CERN-2013-004",
      year           = "2013",
      eprint         = "1307.1347",
      archivePrefix  = "arXiv",
      primaryClass   = "hep-ph",
      reportNumber   = "CERN-2013-004, FERMILAB-CONF-13-667-T",
      SLACcitation   = "%%CITATION = ARXIV:1307.1347;%%"
}

@article{McCullough:2013rea,
      author         = "McCullough, Matthew",
      title          = "{An Indirect Model-Dependent Probe of the Higgs
                        Self-Coupling}",
      journal        = "Phys. Rev.",
      volume         = "D90",
      year           = "2014",
      number         = "1",
      pages          = "015001",
      doi            = "10.1103/PhysRevD.90.015001, 10.1103/PhysRevD.92.039903",
      note           = "[Erratum: Phys. Rev.D92,no.3,039903(2015)]",
      eprint         = "1312.3322",
      archivePrefix  = "arXiv",
      primaryClass   = "hep-ph",
      reportNumber   = "MIT-CTP-4521",
      SLACcitation   = "%%CITATION = ARXIV:1312.3322;%%"
}

@article{Degrassi:2016wml,
      author         = "Degrassi, Giuseppe and Giardino, Pier Paolo and Maltoni,
                        Fabio and Pagani, Davide",
      title          = "{Probing the Higgs self coupling via single Higgs
                        production at the LHC}",
      journal        = "JHEP",
      volume         = "12",
      year           = "2016",
      pages          = "080",
      doi            = "10.1007/JHEP12(2016)080",
      eprint         = "1607.04251",
      archivePrefix  = "arXiv",
      primaryClass   = "hep-ph",
      reportNumber   = "CP3-16-38, RM3-TH-16-8",
      SLACcitation   = "%%CITATION = ARXIV:1607.04251;%%"
}

@article{Bizon:2016wgr,
      author         = "Bizon, Wojciech and Gorbahn, Martin and Haisch, Ulrich
                        and Zanderighi, Giulia",
      title          = "{Constraints on the trilinear Higgs coupling from vector
                        boson fusion and associated Higgs production at the LHC}",
      journal        = "JHEP",
      volume         = "07",
      year           = "2017",
      pages          = "083",
      doi            = "10.1007/JHEP07(2017)083",
      eprint         = "1610.05771",
      archivePrefix  = "arXiv",
      primaryClass   = "hep-ph",
      reportNumber   = "CERN-TH-2016-215, LTH-1104, OUTP-16-23P",
      SLACcitation   = "%%CITATION = ARXIV:1610.05771;%%"
}

@article{vanderBij:1985ww,
      author         = "van der Bij, J. J.",
      title          = "{Does Low-energy Physics Depend on the Potential of a
                        Heavy Higgs Particle?}",
      journal        = "Nucl. Phys.",
      volume         = "B267",
      year           = "1986",
      pages          = "557-565",
      doi            = "10.1016/0550-3213(86)90131-8",
      reportNumber   = "NIKHEF-H/85-1",
      SLACcitation   = "%%CITATION = NUPHA,B267,557;%%"
}

@article{Degrassi:2017ucl,
      author         = "Degrassi, Giuseppe and Fedele, Marco and Giardino, Pier
                        Paolo",
      title          = "{Constraints on the trilinear Higgs self coupling from
                        precision observables}",
      journal        = "JHEP",
      volume         = "04",
      year           = "2017",
      pages          = "155",
      doi            = "10.1007/JHEP04(2017)155",
      eprint         = "1702.01737",
      archivePrefix  = "arXiv",
      primaryClass   = "hep-ph",
      SLACcitation   = "%%CITATION = ARXIV:1702.01737;%%"
}

@article{Kribs:2017znd,
      author         = "Kribs, Graham D. and Maier, Andreas and Rzehak, Heidi and
                        Spannowsky, Michael and Waite, Philip",
      title          = "{Electroweak oblique parameters as a probe of the
                        trilinear Higgs boson self-interaction}",
      journal        = "Phys. Rev.",
      volume         = "D95",
      year           = "2017",
      number         = "9",
      pages          = "093004",
      doi            = "10.1103/PhysRevD.95.093004",
      eprint         = "1702.07678",
      archivePrefix  = "arXiv",
      primaryClass   = "hep-ph",
      reportNumber   = "IPPP-17-15",
      SLACcitation   = "%%CITATION = ARXIV:1702.07678;%%"
}
@article{deBlas:2016ojx,
      author         = "de Blas, Jorge and Ciuchini, Marco and Franco, Enrico and
                        Mishima, Satoshi and Pierini, Maurizio and Reina, Laura
                        and Silvestrini, Luca",
      title          = "{Electroweak precision observables and Higgs-boson signal
                        strengths in the Standard Model and beyond: present and
                        future}",
      journal        = "JHEP",
      volume         = "12",
      year           = "2016",
      pages          = "135",
      doi            = "10.1007/JHEP12(2016)135",
      eprint         = "1608.01509",
      archivePrefix  = "arXiv",
      primaryClass   = "hep-ph",
      reportNumber   = "KEK-TH-1919",
      SLACcitation   = "%%CITATION = ARXIV:1608.01509;%%"
}
@article{Peskin:1991sw,
      author         = "Peskin, Michael E. and Takeuchi, Tatsu",
      title          = "{Estimation of oblique electroweak corrections}",
      journal        = "Phys. Rev.",
      volume         = "D46",
      year           = "1992",
      pages          = "381-409",
      doi            = "10.1103/PhysRevD.46.381",
      reportNumber   = "SLAC-PUB-5618",
      SLACcitation   = "%%CITATION = PHRVA,D46,381;%%"
}

@article{Golden:1990ig,
      author         = "Golden, Mitchell and Randall, Lisa",
      title          = "{Radiative Corrections to Electroweak Parameters in
                        Technicolor Theories}",
      journal        = "Nucl. Phys.",
      volume         = "B361",
      year           = "1991",
      pages          = "3-23",
      doi            = "10.1016/0550-3213(91)90614-4",
      reportNumber   = "FERMILAB-PUB-90-083-T, LBL-29050, NSF-ITP-90-82",
      SLACcitation   = "%%CITATION = NUPHA,B361,3;%%"
}

@article{Altarelli:1991fk,
      author         = "Altarelli, Guido and Barbieri, Riccardo and Jadach, S.",
      title          = "{Toward a model independent analysis of electroweak
                        data}",
      journal        = "Nucl. Phys.",
      volume         = "B369",
      year           = "1992",
      pages          = "3-32",
      doi            = "10.1016/0550-3213(92)90376-M",
      note           = "[Erratum: Nucl. Phys.B376,444(1992)]",
      reportNumber   = "CERN-TH-6124-91",
      SLACcitation   = "%%CITATION = NUPHA,B369,3;%%"
}

@article{atlasstop,
      author         = "{ATLAS Collaboration}",
      title          = "{Search for top-squark pair production in final states with one lepton, jets, and missing transverse momentum using 36 inverse fb of $\sqrt{s}=13 $ TeV pp collision data with the ATLAS detector}",
      journal        = "JHEP",
      volume         = "06",
      year           = "2018",
      pages          = "108",
      doi            = "10.1007/JHEP06(2018)108",
      eprint         = "1711.11520",
      archivePrefix  = "arXiv",
      primaryClass   = "hep-ex",
      reportNumber   = "CERN-EP-2017-246",
      SLACcitation   = "%%CITATION = ARXIV:1711.11520;%%"
}

@article{cmsstop,
      author         = "{CMS Collaboration}",
      title          = "{Search for top squark pair production in pp collisions
                        at $ \sqrt{s}=13 $ TeV using single lepton events}",
      journal        = "JHEP",
      volume         = "10",
      year           = "2017",
      pages          = "019",
      doi            = "10.1007/JHEP10(2017)019",
      eprint         = "1706.04402",
      archivePrefix  = "arXiv",
      primaryClass   = "hep-ex",
      reportNumber   = "CMS-SUS-16-051, CERN-EP-2017-109",
      SLACcitation   = "%%CITATION = ARXIV:1706.04402;%%"
}

% vector-like quark combination
@article{atlasvtop,
      author         = "{ATLAS Collaboration}",
      title          = "{Combination of the searches for pair-produced
                        vector-like partners of the third-generation quarks at
                        $\sqrt{s} =$ 13 TeV with the ATLAS detector}",
      journal        = "Phys. Rev. Lett.",
      volume         = "121",
      year           = "2018",
      number         = "21",
      pages          = "211801",
      doi            = "10.1103/PhysRevLett.121.211801",
      eprint         = "1808.02343",
      archivePrefix  = "arXiv",
      primaryClass   = "hep-ex",
      reportNumber   = "CERN-EP-2018-205",
      SLACcitation   = "%%CITATION = ARXIV:1808.02343;%%"
}

% latest CMS VLQ search
@article{cmsvtop,
      author         = "{CMS Collaboration}",
      title          = "{Search for vector-like quarks in events with two
                        oppositely charged leptons and jets in proton-proton
                        collisions at $\sqrt{s} =$ 13 TeV}",
      journal        = "Eur. Phys. J.",
      volume         = "C79",
      year           = "2019",
      number         = "4",
      pages          = "364",
      doi            = "10.1140/epjc/s10052-019-6855-8",
      eprint         = "1812.09768",
      archivePrefix  = "arXiv",
      primaryClass   = "hep-ex",
      reportNumber   = "CMS-B2G-17-012, CERN-EP-2018-290",
      SLACcitation   = "%%CITATION = ARXIV:1812.09768;%%"
}

@article{cmshcomb2,
      author         = "{CMS Collaboration}",
      title          = "{Combined measurements of Higgs boson couplings in proton-proton collisions at $\sqrt{s}=13$~TeV}",
      journal        = "Eur. Phys. J.",
      volume         = "C79",
      year           = "2019",
      number         = "5",
      pages          = "421",
      doi            = "10.1140/epjc/s10052-019-6909-y",
      eprint         = "1809.10733",
      archivePrefix  = "arXiv",
      primaryClass   = "hep-ex",
      reportNumber   = "CMS-HIG-17-031, CERN-EP-2018-263",
      SLACcitation   = "%%CITATION = ARXIV:1809.10733;%%"
}

@techreport{atlashcomb2,
     author = "{ATLAS Collaboration}",
     title = "Combined measurements of Higgs boson production and decay using up to 80 inverse fb of proton--proton collision data at $\sqrt{s}= 13$~TeV collected with the ATLAS experiment",
     institution   = "CERN",
     address       = "Geneva",
     number        = "ATLAS-CONF-2019-005",
      month         = "Mar",
      year          = "2019",
      reportNumber  = "ATLAS-CONF-2019-005",
      url           = "http://cdsweb.cern.ch/record/2668375",
}

@article{Cepeda:2019klc,
      author         = "Cepeda, M. and others",
      title          = "{Higgs Physics at the HL-LHC and HE-LHC}",
      collaboration  = "HL/HE WG2 group",
      year           = "2019",
      eprint         = "1902.00134",
      archivePrefix  = "arXiv",
      primaryClass   = "hep-ph",
      reportNumber   = "CERN-LPCC-2018-04",
      SLACcitation   = "%%CITATION = ARXIV:1902.00134;%%"
}
@article{Beneke:2007zg,
      author         = "Beneke, Martin and Falgari, Pietro and Schwinn, Christian
                        and Signer, Adrian and Zanderighi, Giulia",
      title          = "{Four-fermion production near the W pair production
                        threshold}",
      journal        = "Nucl. Phys.",
      volume         = "B792",
      year           = "2008",
      pages          = "89-135",
      doi            = "10.1016/j.nuclphysb.2007.09.030",
      eprint         = "0707.0773",
      archivePrefix  = "arXiv",
      primaryClass   = "hep-ph",
      reportNumber   = "PITHA-07-05, IPPP-07-35, CERN-PH-TH-07-107",
      SLACcitation   = "%%CITATION = ARXIV:0707.0773;%%"
}


% electroweak precision numbers received after Granada
@MISC{peskinprivate,
    author ={Jenny List, Michael Peskin},
    howpublished={private communication}
}

@MISC{gigazilc,
    author ={Guji, Keisuke and others},
    title ={ILC Capabilities for Precision Electroweak Measurements},
    howpublished={private communication}
}

@MISC{ilc1000,
    author ={List, Jenny and Peskin, Michael and Tian, Junping and Vos, Marcel},
    title ={ILC Capabilities at 1 TeV},
    howpublished={private communication}
}

@MISC{gigazclic,
    author ={Blaising, Jean-Jacques and Rohloff, Peter},
    title ={Electroweak couplings of the $Z$ boson at CLIC},
    howpublished={private communication}
}

@inproceedings{Blondel:2019yqr,
      author         = "Alipour Tehrani, N. and others",
      editor         = "Blondel, A. and Janot, P.",
      title          = "{FCC-ee: Your Questions Answered}",
      booktitle      = "{CERN Council Open Symposium on the Update of European
                        Strategy for Particle Physics (EPPSU) Granada, Spain, May
                        13-16, 2019}",
      year           = "2019",
      eprint         = "1906.02693",
      archivePrefix  = "arXiv",
      primaryClass   = "hep-ph",
      SLACcitation   = "%%CITATION = ARXIV:1906.02693;%%"
}
%%% contains utf-8, see: http://inspirehep.net/info/faq/general#utf8
%%% add \usepackage[utf8]{inputenc} to your latex preamble

@article{Dreyer:2016oyx,
      author         = "Dreyer, FrÃ©dÃ©ric A. and Karlberg, Alexander",
      title          = "{Vector-Boson Fusion Higgs Production at Three Loops in
                        QCD}",
      journal        = "Phys. Rev. Lett.",
      volume         = "117",
      year           = "2016",
      number         = "7",
      pages          = "072001",
      doi            = "10.1103/PhysRevLett.117.072001",
      eprint         = "1606.00840",
      archivePrefix  = "arXiv",
      primaryClass   = "hep-ph",
      reportNumber   = "CERN-TH-2016-127, OUTP-16-12P",
      SLACcitation   = "%%CITATION = ARXIV:1606.00840;%%"
}
@article{Chen:2016zka,
      author         = "Chen, X. and Cruz-Martinez, J. and Gehrmann, T. and
                        Glover, E. W. N. and Jaquier, M.",
      title          = "{NNLO QCD corrections to Higgs boson production at large
                        transverse momentum}",
      journal        = "JHEP",
      volume         = "10",
      year           = "2016",
      pages          = "066",
      doi            = "10.1007/JHEP10(2016)066",
      eprint         = "1607.08817",
      archivePrefix  = "arXiv",
      primaryClass   = "hep-ph",
      reportNumber   = "IPPP-16-73, ZU-TH-29-16, FR-PHENO-2016-014",
      SLACcitation   = "%%CITATION = ARXIV:1607.08817;%%"
}
@article{Farina:2012xp,
      author         = "Farina, Marco and Grojean, Christophe and Maltoni, Fabio
                        and Salvioni, Ennio and Thamm, Andrea",
      title          = "{Lifting degeneracies in Higgs couplings using single top
                        production in association with a Higgs boson}",
      journal        = "JHEP",
      volume         = "05",
      year           = "2013",
      pages          = "022",
      doi            = "10.1007/JHEP05(2013)022",
      eprint         = "1211.3736",
      archivePrefix  = "arXiv",
      primaryClass   = "hep-ph",
      reportNumber   = "CERN-PH-TH-2012-313, DFPD-2012-TH-20, CP3-12-47",
      SLACcitation   = "%%CITATION = ARXIV:1211.3736;%%"
}

%%% contains utf-8, see: http://inspirehep.net/info/faq/general#utf8
%%% add \usepackage[utf8]{inputenc} to your latex preamble

@article{Demartin:2015uha,
      author         = "Demartin, Federico and Maltoni, Fabio and Mawatari,
                        Kentarou and Zaro, Marco",
      title          = "{Higgs production in association with a single top
                        quark at the LHC}",
      journal        = "Eur. Phys. J.",
      volume         = "C75",
      year           = "2015",
      number         = "6",
      pages          = "267",
      doi            = "10.1140/epjc/s10052-015-3475-9",
      eprint         = "1504.00611",
      archivePrefix  = "arXiv",
      primaryClass   = "hep-ph",
      reportNumber   = "MCNET-15-07, CP3-15-08",
      SLACcitation   = "%%CITATION = ARXIV:1504.00611;%%"
}

@article{Zeller:2001hh,
      author         = "Zeller, G. P. and others",
      title          = "{A Precise determination of electroweak parameters in
                        neutrino nucleon scattering}",
      collaboration  = "NuTeV",
      journal        = "Phys. Rev. Lett.",
      volume         = "88",
      year           = "2002",
      pages          = "091802",
      doi            = "10.1103/PhysRevLett.88.091802,
                        10.1103/PhysRevLett.90.239902",
      note           = "[Erratum: Phys. Rev. Lett.90,239902(2003)]",
      eprint         = "hep-ex/0110059",
      archivePrefix  = "arXiv",
      primaryClass   = "hep-ex",
      reportNumber   = "FERMILAB-PUB-01-341-E",
      SLACcitation   = "%%CITATION = HEP-EX/0110059;%%"
}

@article{Bentz:2009yy,
      author         = "Bentz, W. and Cloet, I. C. and Londergan, J. T. and
                        Thomas, A. W.",
      title          = "{Reassessment of the NuTeV determination of the weak
                        mixing angle}",
      journal        = "Phys. Lett.",
      volume         = "B693",
      year           = "2010",
      pages          = "462-466",
      doi            = "10.1016/j.physletb.2010.09.001",
      eprint         = "0908.3198",
      archivePrefix  = "arXiv",
      primaryClass   = "nucl-th",
      reportNumber   = "JLAB-THY-09-1051, NT-UW-09-19",
      SLACcitation   = "%%CITATION = ARXIV:0908.3198;%%"
}

@article{Abi:2018dnh,
      author         = "Abi, B. and others",
      title          = "{The DUNE Far Detector Interim Design Report Volume 1:
                        Physics, Technology and Strategies}",
      collaboration  = "DUNE",
      year           = "2018",
      eprint         = "1807.10334",
      archivePrefix  = "arXiv",
      primaryClass   = "physics.ins-det",
      reportNumber   = "FERMILAB-DESIGN-2018-02",
      SLACcitation   = "%%CITATION = ARXIV:1807.10334;%%"
}

@article{Accardi:2012qut,
      author         = "Accardi, A. and others",
      editor         = "Deshpande, A. and Meziani, Z. E. and Qiu, J. W.",
      title          = "{Electron Ion Collider: The Next QCD Frontier}",
      journal        = "Eur. Phys. J.",
      volume         = "A52",
      year           = "2016",
      number         = "9",
      pages          = "268",
      doi            = "10.1140/epja/i2016-16268-9",
      eprint         = "1212.1701",
      archivePrefix  = "arXiv",
      primaryClass   = "nucl-ex",
      reportNumber   = "BNL-98815-2012-JA, JLAB-PHY-12-1652",
      SLACcitation   = "%%CITATION = ARXIV:1212.1701;%%"
}


@article{Volkov:2017xaq,
      author         = "Volkov, Sergey",
      title          = "{New method of computing the contributions of graphs
                        without lepton loops to the electron anomalous magnetic
                        moment in QED}",
      journal        = "Phys. Rev.",
      volume         = "D96",
      year           = "2017",
      number         = "9",
      pages          = "096018",
      doi            = "10.1103/PhysRevD.96.096018",
      eprint         = "1705.05800",
      archivePrefix  = "arXiv",
      primaryClass   = "hep-ph",
      SLACcitation   = "%%CITATION = ARXIV:1705.05800;%%"
}

@article{Odom:2006zz,
      author         = "Odom, Brian C. and Hanneke, D. and D'Urso, B. and
                        Gabrielse, G.",
      title          = "{New Measurement of the Electron Magnetic Moment Using a
                        One-Electron Quantum Cyclotron}",
      journal        = "Phys. Rev. Lett.",
      volume         = "97",
      year           = "2006",
      pages          = "030801",
      note           = "[Erratum: Phys. Rev. Lett.99,039902(2007)]",
      SLACcitation   = "%%CITATION = PRLTA,97,030801;%%"
}

@article{Gabrielse:2006gg,
      author         = "Gabrielse, G. and Hanneke, D. and Kinoshita, T. and Nio,
                        M. and Odom, Brian C.",
      title          = "{New Determination of the Fine Structure Constant from
                        the Electron g Value and QED}",
      journal        = "Phys. Rev. Lett.",
      volume         = "97",
      year           = "2006",
      pages          = "030802",
      doi            = "10.1103/PhysRevLett.97.030802,
                        10.1103/PhysRevLett.99.039902",
      note           = "[Erratum: Phys. Rev. Lett.99,039902(2007)]",
      reportNumber   = "RIKEN-TH-71",
      SLACcitation   = "%%CITATION = PRLTA,97,030802;%%"
}
@article{Blum:2013xva,
      author         = "Blum, Thomas and Denig, Achim and Logashenko, Ivan and de
                        Rafael, Eduardo and Roberts, B. Lee and Teubner, Thomas
                        and Venanzoni, Graziano",
      title          = "{The Muon (g-2) Theory Value: Present and Future}",
      year           = "2013",
      eprint         = "1311.2198",
      archivePrefix  = "arXiv",
      primaryClass   = "hep-ph",
      SLACcitation   = "%%CITATION = ARXIV:1311.2198;%%"
}
@article{Jegerlehner:2018zrj,
      author         = "Jegerlehner, Fred",
      title          = "{The Muon g-2 in Progress}",
      booktitle      = "{Proceedings, 24th Cracow Epiphany Conference on Advances
                        in Heavy Flavour Physics: Cracow, Poland, January 9-12,
                        2018}",
      journal        = "Acta Phys. Polon.",
      volume         = "B49",
      year           = "2018",
      pages          = "1157",
      doi            = "10.5506/APhysPolB.49.1157",
      eprint         = "1804.07409",
      archivePrefix  = "arXiv",
      primaryClass   = "hep-ph",
      reportNumber   = "DESY-18-057, HU-EP-18-11, DESY~18-057, HU-EP-18/11",
      SLACcitation   = "%%CITATION = ARXIV:1804.07409;%%"
}

@article{Grange:2015fou,
      author         = "Grange, J. and others",
      title          = "{Muon (g-2) Technical Design Report}",
      collaboration  = "Muon g-2",
      year           = "2015",
      eprint         = "1501.06858",
      archivePrefix  = "arXiv",
      primaryClass   = "physics.ins-det",
      reportNumber   = "FERMILAB-FN-0992-E, FERMILAB-DESIGN-2014-02",
      SLACcitation   = "%%CITATION = ARXIV:1501.06858;%%"
}

@article{Caldwell:2018atq,
      author         = "Caldwell, A. and others",
      title          = "{Particle physics applications of the AWAKE acceleration
                        scheme}",
      year           = "2018",
      eprint         = "1812.11164",
      archivePrefix  = "arXiv",
      primaryClass   = "physics.acc-ph",
      SLACcitation   = "%%CITATION = ARXIV:1812.11164;%%"
}

@inproceedings{Altarelli:2019zea,
      author         = "Altarelli, M. and Assmann, R. and Burkart, F. and
                        Heinemann, B. and Heinzl, T. and Koffas, T. and Maier, A.
                        R. and Reis, D. and Ringwald, A. and Wing, M.",
      title          = "{Summary of strong-field QED Workshop}",
      year           = "2019",
      eprint         = "1905.00059",
      archivePrefix  = "arXiv",
      primaryClass   = "hep-ex",
      SLACcitation   = "%%CITATION = ARXIV:1905.00059;%%"
}

@article{pomeranchuk,
      author         = "Pomeranchuk, I. and Smorodinsky, Y.",
      title          = "{On energy levels in systems with $Z>137$}",
      journal        = "J. Phys. USSR",
      volume         = "9",
      year           = "1945",
      pages          = "97"
} 

@article{Andersen:2012ea,
      author         = "Andersen, K. K. and Esberg, J. and Knudsen, H. and
                        Thomsen, H. D. and Uggerhoj, U. I. and Sona, P. and
                        Mangiarotti, A. and Ketel, T. J. and Dizdar, A. and
                        Ballestrero, S.",
      title          = "{Experimental investigations of synchrotron radiation at
                        the onset of the quantum regime}",
      collaboration  = "CERN NA63",
      journal        = "Phys. Rev.",
      volume         = "D86",
      year           = "2012",
      pages          = "072001",
      doi            = "10.1103/PhysRevD.86.072001",
      eprint         = "1206.6577",
      archivePrefix  = "arXiv",
      primaryClass   = "physics.acc-ph",
      SLACcitation   = "%%CITATION = ARXIV:1206.6577;%%"
}

@article{Giudice:2007fh,
      author         = "Giudice, G. F. and Grojean, C. and Pomarol, A. and
                        Rattazzi, R.",
      title          = "{The Strongly-Interacting Light Higgs}",
      journal        = "JHEP",
      volume         = "06",
      year           = "2007",
      pages          = "045",
      doi            = "10.1088/1126-6708/2007/06/045",
      eprint         = "hep-ph/0703164",
      archivePrefix  = "arXiv",
      primaryClass   = "hep-ph",
      reportNumber   = "CERN-PH-TH-2007-47",
      SLACcitation   = "%%CITATION = HEP-PH/0703164;%%"
}

@article{Frederix:2014hta,
      author         = "Frederix, R. and Frixione, S. and Hirschi, V. and
                        Maltoni, F. and Mattelaer, O. and Torrielli, P. and
                        Vryonidou, E. and Zaro, M.",
      title          = "{Higgs pair production at the LHC with NLO and
                        parton-shower effects}",
      journal        = "Phys. Lett.",
      volume         = "B732",
      year           = "2014",
      pages          = "142-149",
      doi            = "10.1016/j.physletb.2014.03.026",
      eprint         = "1401.7340",
      archivePrefix  = "arXiv",
      primaryClass   = "hep-ph",
      reportNumber   = "CERN-PH-TH-2014-014, CP3-14-07, ZU-TH03-14, LPN14-055",
      SLACcitation   = "%%CITATION = ARXIV:1401.7340;%%"
}

@article{Falkowski:2001958,
      author        = "Falkowski, Adam",
      title         = "{Higgs Basis: Proposal for an EFT basis choice for LHC
                       HXSWG}",
      year          = "2015",
      journal  = "LHCHXSWG-INT-2015-001",
}

@article{Falkowski:2012vh,
      author         = "Falkowski, Adam and Rychkov, Slava and Urbano, Alfredo",
      title          = "{What if the Higgs couplings to W and Z bosons are larger
                        than in the Standard Model?}",
      journal        = "JHEP",
      volume         = "04",
      year           = "2012",
      pages          = "073",
      doi            = "10.1007/JHEP04(2012)073",
      eprint         = "1202.1532",
      archivePrefix  = "arXiv",
      primaryClass   = "hep-ph",
      SLACcitation   = "%%CITATION = ARXIV:1202.1532;%%"
}

@article{Liu:2016idz,
      author         = "Liu, Da and Pomarol, Alex and Rattazzi, Riccardo and
                        Riva, Francesco",
      title          = "{Patterns of Strong Coupling for LHC Searches}",
      journal        = "JHEP",
      volume         = "11",
      year           = "2016",
      pages          = "141",
      doi            = "10.1007/JHEP11(2016)141",
      eprint         = "1603.03064",
      archivePrefix  = "arXiv",
      primaryClass   = "hep-ph",
      reportNumber   = "CERN-TH-2016-048",
      SLACcitation   = "%%CITATION = ARXIV:1603.03064;%%"
}

@article{Burke:1997ew,
      author         = "Burke, D. L. and others",
      title          = "{Positron production in multi - photon light by light
                        scattering}",
      journal        = "Phys. Rev. Lett.",
      volume         = "79",
      year           = "1997",
      pages          = "1626-1629",
      doi            = "10.1103/PhysRevLett.79.1626",
      reportNumber   = "SLAC-PUB-7564, PRINCETON-HEP-97-8, UR-1501, UTKHEP-00010",
      SLACcitation   = "%%CITATION = PRLTA,79,1626;%%"
}
@article{Abbiendi:2016xup,
      author         = "Abbiendi, G. and others",
      title          = "{Measuring the leading hadronic contribution to the muon
                        g-2 via $\mu e$ scattering}",
      journal        = "Eur. Phys. J.",
      volume         = "C77",
      year           = "2017",
      number         = "3",
      pages          = "139",
      doi            = "10.1140/epjc/s10052-017-4633-z",
      eprint         = "1609.08987",
      archivePrefix  = "arXiv",
      primaryClass   = "hep-ex",
      SLACcitation   = "%%CITATION = ARXIV:1609.08987;%%"
}

@article{Aaboud:2017svj,
      author         = "Aaboud, Morad and others",
      title          = "{Measurement of the $W$-boson mass in pp collisions at
                        $\sqrt{s}=7$ TeV with the ATLAS detector}",
      collaboration  = "ATLAS",
      journal        = "Eur. Phys. J.",
      volume         = "C78",
      year           = "2018",
      number         = "2",
      pages          = "110",
      doi            = "10.1140/epjc/s10052-018-6354-3,
                        10.1140/epjc/s10052-017-5475-4",
      note           = "[Erratum: Eur. Phys. J.C78,no.11,898(2018)]",
      eprint         = "1701.07240",
      archivePrefix  = "arXiv",
      primaryClass   = "hep-ex",
      reportNumber   = "CERN-EP-2016-305",
      SLACcitation   = "%%CITATION = ARXIV:1701.07240;%%"
}

@article{Hartin:2018egj,
      author         = "Hartin, Anthony",
      title          = "{Strong field QED in lepton colliders and electron/laser
                        interactions}",
      journal        = "Int. J. Mod. Phys.",
      volume         = "A33",
      year           = "2018",
      number         = "13",
      pages          = "1830011",
      doi            = "10.1142/S0217751X18300119",
      eprint         = "1804.02934",
      archivePrefix  = "arXiv",
      primaryClass   = "hep-ph",
      SLACcitation   = "%%CITATION = ARXIV:1804.02934;%%"
}
@article{Kouveliotou:1998ze,
      author         = "Kouveliotou, C. and others",
      title          = "{An X-ray pulsar with a superstrong magnetic field in the
                        soft gamma-ray repeater SGR 1806-20.}",
      journal        = "Nature",
      volume         = "393",
      year           = "1998",
      pages          = "235-237",
      doi            = "10.1038/30410",
      SLACcitation   = "%%CITATION = NATUA,393,235;%%"
}
@article{Bell:1987rw,
      author         = "Bell, M. and Bell, J. S.",
      title          = "{End Effects in Quantum Beamstrahlung}",
      journal        = "Part. Accel.",
      volume         = "24",
      year           = "1988",
      pages          = "1",
      note           = "[,1(1987)]",
      reportNumber   = "CERN-TH-4936/87",
      SLACcitation   = "%%CITATION = PLACB,24,1;%%"
}
@article{Blankenbecler:1988te,
      author         = "Blankenbecler, Richard and Drell, S. D.",
      title          = "{Quantum Beamstrahlung: Prospects for a Photon-photon
                        Collider}",
      journal        = "Phys. Rev. Lett.",
      volume         = "61",
      year           = "1988",
      pages          = "2324",
      doi            = "10.1103/PhysRevLett.62.116.3,
                        10.1103/PhysRevLett.61.2324",
      note           = "[Erratum: Phys. Rev. Lett.62,116(1989)]",
      reportNumber   = "SLAC-PUB-4629",
      SLACcitation   = "%%CITATION = PRLTA,61,2324;%%"
}
@article{Alwall:2014hca,
      author         = "Alwall, J. and Frederix, R. and Frixione, S. and Hirschi,
                        V. and Maltoni, F. and Mattelaer, O. and Shao, H. -S. and
                        Stelzer, T. and Torrielli, P. and Zaro, M.",
      title          = "{The automated computation of tree-level and
                        next-to-leading order differential cross sections, and
                        their matching to parton shower simulations}",
      journal        = "JHEP",
      volume         = "07",
      year           = "2014",
      pages          = "079",
      doi            = "10.1007/JHEP07(2014)079",
      eprint         = "1405.0301",
      archivePrefix  = "arXiv",
      primaryClass   = "hep-ph",
      reportNumber   = "CERN-PH-TH-2014-064, CP3-14-18, LPN14-066, MCNET-14-09,
                        ZU-TH-14-14",
      SLACcitation   = "%%CITATION = ARXIV:1405.0301;%%"
}
@article{Fermi:1934hr,
      author         = "Fermi, E.",
      title          = "{An attempt of a theory of beta radiation. 1.}",
      journal        = "Z. Phys.",
      volume         = "88",
      year           = "1934",
      pages          = "161-177",
      doi            = "10.1007/BF01351864",
      reportNumber   = "UCRL-TRANS-726",
      SLACcitation   = "%%CITATION = ZEPYA,88,161;%%"
}
@article{Feynman:1958ty,
      author         = "Feynman, R. P. and Gell-Mann, Murray",
      title          = "{Theory of Fermi interaction}",
      journal        = "Phys. Rev.",
      volume         = "109",
      year           = "1958",
      pages          = "193-198",
      doi            = "10.1103/PhysRev.109.193",
      SLACcitation   = "%%CITATION = PHRVA,109,193;%%"
}

@article{Rubbia:1985pv,
      author         = "Rubbia, C.",
      title          = "{Experimental Observation of the Intermediate Vector
                        Bosons $W^+$, $W^-$, and $Z^0$}",
      booktitle      = "{Fifty Years of Weak Interactions: From the Fermi Theory
                        to the W. Perspectives for the Future Racine, Wis., May
                        29-June 1, 1984}",
      journal        = "Rev. Mod. Phys.",
      volume         = "57",
      year           = "1985",
      pages          = "699-722",
      doi            = "10.1103/RevModPhys.57.699",
      SLACcitation   = "%%CITATION = RMPHA,57,699;%%"
}
@article{Dirac:1927dy,
      author         = "Dirac, Paul A. M.",
      title          = "{Quantum theory of emission and absorption of radiation}",
      booktitle      = "{Selected Papers on Quantum Electrodynamics, Edited by
                        Julian Schwinger, New York: Dover Publications, 1958
                        (p.1-23)}",
      journal        = "Proc. Roy. Soc. Lond.",
      volume         = "A114",
      year           = "1927",
      pages          = "243",
      doi            = "10.1098/rspa.1927.0039",
      SLACcitation   = "%%CITATION = PRSLA,A114,243;%%"
}
@article{SLAC:2016van,
      author         = "SLAC",
      title          = "{Preliminary Conceptual Design Report for the FACET-II
                        Project at SLAC National Accelerator Laboratory}",
      year           = "2016",
      reportNumber   = "SLAC-R-1067",
      SLACcitation   = "%%CITATION = SLAC-R-1067;%%"
}

@article{Aschenauer:2014cki,
      author         = "Aschenauer, E. C. and others",
      title          = "{eRHIC Design Study: An Electron-Ion Collider at BNL}",
      year           = "2014",
      eprint         = "1409.1633",
      archivePrefix  = "arXiv",
      primaryClass   = "physics.acc-ph",
      SLACcitation   = "%%CITATION = ARXIV:1409.1633;%%"
}

%%% contains utf-8, see: https://inspirehep.net/info/faq/general#utf8
%%% add \usepackage[utf8]{inputenc} to your latex preamble
@book{Altarelli:2006zza,
      editor         = "Altarelli, Massimo and others ",
      title          = "{XFEL: The European X-Ray Free-Electron Laser. Technical
                        design report}",
      url            = "http://www-library.desy.de/cgi-bin/showprep.pl?desy06-097",
      doi            = "10.3204/DESY_06-097",
      year           = "2006",
      reportNumber   = "DESY-06-097",
      ISBN           = "9783935702171",
      SLACcitation   = "%%CITATION = DESY-06-097;%%"
}
@article{Baer:2013cma,
      author         = "Baer, Howard and others ",
      title          = "{The International Linear Collider Technical Design
                        Report - Volume 2: Physics}",
      year           = "2013",
      eprint         = "1306.6352",
      archivePrefix  = "arXiv",
      primaryClass   = "hep-ph",
      reportNumber   = "ILC-REPORT-2013-040, ANL-HEP-TR-13-20,
                        BNL-100603-2013-IR, IRFU-13-59, CERN-ATS-2013-037,
                        COCKCROFT-13-10, CLNS-13-2085, DESY-13-062,
                        FERMILAB-TM-2554, IHEP-AC-ILC-2013-001, INFN-13-04-LNF,
                        JAI-2013-001, JINR-E9-2013-35, JLAB-R-2013-01,
                        KEK-REPORT-2013-1, KNU-CHEP-ILC-2013-1, LLNL-TR-635539,
                        SLAC-R-1004, ILC-HIGRADE-REPORT-2013-003",
      SLACcitation   = "%%CITATION = ARXIV:1306.6352;%%"
}
@article{Fujii:2017vwa,
      author         = "Fujii, Keisuke and others",
      title          = "{Physics Case for the 250 GeV Stage of the International
                        Linear Collider}",
      year           = "2017",
      eprint         = "1710.07621",
      archivePrefix  = "arXiv",
      primaryClass   = "hep-ex",
      reportNumber   = "DESY-17-155, KEK-PREPRINT-2017-31, LAL-17-059,
                        SLAC-PUB-17161",
      SLACcitation   = "%%CITATION = ARXIV:1710.07621;%%"
}
%%% contains utf-8, see: https://inspirehep.net/info/faq/general#utf8
%%% add \usepackage[utf8]{inputenc} to your latex preamble

@article{Abramowicz:2016zbo,
      author         = "Abramowicz, H. and others",
      title          = "{Higgs physics at the CLIC electron-positron linear
                        collider}",
      journal        = "Eur. Phys. J.",
      volume         = "C77",
      year           = "2017",
      number         = "7",
      pages          = "475",
      doi            = "10.1140/epjc/s10052-017-4968-5",
      eprint         = "1608.07538",
      archivePrefix  = "arXiv",
      primaryClass   = "hep-ex",
      reportNumber   = "CLICDP-PUB-2016-001",
      SLACcitation   = "%%CITATION = ARXIV:1608.07538;%%"
}
@article{Peskin:1990zt,
      author         = "Peskin, Michael E. and Takeuchi, Tatsu",
      title          = "{A new constraint on a strongly interacting Higgs
                        sector}",
      journal        = "Phys. Rev. Lett.",
      volume         = "65",
      year           = "1990",
      pages          = "964-967",
      doi            = "10.1103/PhysRevLett.65.964",
      reportNumber   = "SLAC-PUB-5272",
      SLACcitation   = "%%CITATION = PRLTA,65,964;%%"
}

@article{Tanabashi:2018oca,
      author         = "Tanabashi, M. and others",
      title          = "{Review of Particle Physics}",
      collaboration  = "Particle Data Group",
      journal        = "Phys. Rev.",
      volume         = "D98",
      year           = "2018",
      number         = "3",
      pages          = "030001",
      doi            = "10.1103/PhysRevD.98.030001",
      SLACcitation   = "%%CITATION = PHRVA,D98,030001;%%"
}

@article{Contino:2017moj,
      author         = "Contino, Roberto and Greco, Davide and Mahbubani, Rakhi
                        and Rattazzi, Riccardo and Torre, Riccardo",
      title          = "{Precision Tests and Fine Tuning in Twin Higgs Models}",
      journal        = "Phys. Rev.",
      volume         = "D96",
      year           = "2017",
      number         = "9",
      pages          = "095036",
      doi            = "10.1103/PhysRevD.96.095036",
      eprint         = "1702.00797",
      archivePrefix  = "arXiv",
      primaryClass   = "hep-ph",
      reportNumber   = "CERN-TH-2017-026",
      SLACcitation   = "%%CITATION = ARXIV:1702.00797;%%"
}

@inproceedings{Tokar:2019wny,
      author         = "Tokar, Stanislav",
      title          = "{Top-quark mass at ATLAS and CMS}",
      booktitle      = "{11th International Workshop on Top Quark Physics
                        (TOP2018) Bad Neuenahr, Germany, September 16-21, 2018}",
      collaboration  = "ATLAS, CMS",
      year           = "2019",
      eprint         = "1901.04740",
      archivePrefix  = "arXiv",
      primaryClass   = "hep-ex",
      reportNumber   = "ATL-COM-PHYS-2018-1617, SNSN-323-63",
      SLACcitation   = "%%CITATION = ARXIV:1901.04740;%%"
}
@article{ALEPH:2005ab,
      author         = "Schael, S. and others",
      title          = "{Precision electroweak measurements on the $Z$
                        resonance}",
      collaboration  = "ALEPH, DELPHI, L3, OPAL, SLD, LEP Electroweak Working
                        Group, SLD Electroweak Group, SLD Heavy Flavour Group",
      journal        = "Phys. Rept.",
      volume         = "427",
      year           = "2006",
      pages          = "257-454",
      doi            = "10.1016/j.physrep.2005.12.006",
      eprint         = "hep-ex/0509008",
      archivePrefix  = "arXiv",
      primaryClass   = "hep-ex",
      reportNumber   = "SLAC-R-774",
      SLACcitation   = "%%CITATION = HEP-EX/0509008;%%"
}
@article{Schael:2013ita,
      author         = "Schael, S. and others",
      title          = "{Electroweak Measurements in Electron-Positron Collisions
                        at W-Boson-Pair Energies at LEP}",
      collaboration  = "ALEPH, DELPHI, L3, OPAL, LEP Electroweak",
      journal        = "Phys. Rept.",
      volume         = "532",
      year           = "2013",
      pages          = "119-244",
      doi            = "10.1016/j.physrep.2013.07.004",
      eprint         = "1302.3415",
      archivePrefix  = "arXiv",
      primaryClass   = "hep-ex",
      reportNumber   = "CERN-PH-EP-2013-022",
      SLACcitation   = "%%CITATION = ARXIV:1302.3415;%%"
}

%%% contains utf-8, see: http://inspirehep.net/info/faq/general#utf8
%%% add \usepackage[utf8]{inputenc} to your latex preamble

@article{CEPCStudyGroup:2018ghi,
      author         = "Dong, Mingyi and others",
      editor         = "GuimarÃ£es da Costa, JoÃ£o Barreiro and Gao, Yuanning and
                        Jin, Shan and Qian, Jianming and Tully, Christopher G. and
                        Young, Charles and Wang, Lian-Tao and Ruan, Manqi and Zhu,
                        Hongbo and Ouyang, Qun and others ",
      title          = "{CEPC Conceptual Design Report: Volume 2 - Physics \&
                        Detector}",
      collaboration  = "CEPC Study Group",
      year           = "2018",
      eprint         = "1811.10545",
      archivePrefix  = "arXiv",
      primaryClass   = "hep-ex",
      reportNumber   = "IHEP-CEPC-DR-2018-02, IHEP-EP-2018-01, IHEP-TH-2018-01",
      SLACcitation   = "%%CITATION = ARXIV:1811.10545;%%"
}
@article{Abada:2019zxq,
      author         = "Abada, A. and others",
      title          = "{FCC-ee: The Lepton Collider}",
      collaboration  = "FCC",
      year           = "2019",
      doi            = "10.1140/epjst/e2019-900045-4",
      note           = "[Eur. Phys. J. ST228,no.2,261(2019)]",
      reportNumber   = "CERN-ACC-2018-0057",
      SLACcitation   = "%%CITATION = CERN-ACC-2018-0057;%%"
}
@unpublished{CLICZ,
author = "Jean-Jacques Blaising and Philipp Roloff",
title = "Electroweak couplings of the Z boson at CLIC",
month = "June",
year = "2019"}

@unpublished{ILCZ,
author = "Keisuke Fujii and others",
title = "ILC Capabilities for Precision Electroweak Measurements",
month = "June",
year = "2019"}


@article{Sauter:1931zz,
      author         = "Sauter, Fritz",
      title          = "{Uber das Verhalten eines Elektrons im homogenen
                        elektrischen Feld nach der relativistischen Theorie
                        Diracs}",
      journal        = "Z. Phys.",
      volume         = "69",
      year           = "1931",
      pages          = "742-764",
      doi            = "10.1007/BF01339461",
      SLACcitation   = "%%CITATION = ZEPYA,69,742;%%"
}
@article{Heisenberg:1935qt,
      author         = "Heisenberg, W. and Euler, H.",
      title          = "{Consequences of Dirac's theory of positrons}",
      journal        = "Z. Phys.",
      volume         = "98",
      year           = "1936",
      number         = "11-12",
      pages          = "714-732",
      doi            = "10.1007/BF01343663, 10.1007/978-3-642-70078-1_9",
      eprint         = "physics/0605038",
      archivePrefix  = "arXiv",
      primaryClass   = "physics",
      SLACcitation   = "%%CITATION = PHYSICS/0605038;%%"
}
@article{Schwinger:1951nm,
      author         = "Schwinger, Julian S.",
      title          = "{On gauge invariance and vacuum polarization}",
      journal        = "Phys. Rev.",
      volume         = "82",
      year           = "1951",
      pages          = "664-679",
      doi            = "10.1103/PhysRev.82.664",
      SLACcitation   = "%%CITATION = PHRVA,82,664;%%"
}

@article{Caprini:2015zlo,
      author         = "Caprini, Chiara and others",
      title          = "{Science with the space-based interferometer eLISA. II:
                        Gravitational waves from cosmological phase transitions}",
      journal        = "JCAP",
      volume         = "1604",
      year           = "2016",
      number         = "04",
      pages          = "001",
      doi            = "10.1088/1475-7516/2016/04/001",
      eprint         = "1512.06239",
      archivePrefix  = "arXiv",
      primaryClass   = "astro-ph.CO",
      reportNumber   = "DESY-15-246",
      SLACcitation   = "%%CITATION = ARXIV:1512.06239;%%"
}

@proceedings{Blondel:2019vdq,
      editor         = "Blondel, A. and others",
      title          = "{Theory report on the 11th FCC-ee workshop}",
      year           = "2019",
      eprint         = "1905.05078",
      archivePrefix  = "arXiv",
      primaryClass   = "hep-ph",
      reportNumber   = "BU-HEPP-19-03, CERN-TH-2019-061, CP3-19-22, DESY-19-072,
                        FR-PHENO-2019-005, IFIC/19-23, IFT-UAM-CSIC-19-058,
                        IPhT-19-050, IPPP/19/32, KW 19-003, MPP-2019-84, LTH 1203,
                        ZU-TH-22-19, TUM-HEP-1200-19, TTP19-008, TTK-19-19",
      SLACcitation   = "%%CITATION = ARXIV:1905.05078;%%"
}

@article{Janot:2015gjr,
      author         = "Janot, Patrick",
      title          = "{Direct measurement of $\alpha_{QED}(m_{Z}^{2})$ at the
                        FCC-ee}",
      journal        = "JHEP",
      volume         = "02",
      year           = "2016",
      pages          = "053",
      doi            = "10.1007/JHEP02(2016)053, 10.1007/JHEP11(2017)164",
      note           = "[Erratum: JHEP11,164(2017)]",
      eprint         = "1512.05544",
      archivePrefix  = "arXiv",
      primaryClass   = "hep-ph",
      SLACcitation   = "%%CITATION = ARXIV:1512.05544;%%"
}
@article{Corcella:1999qn,
      author         = "Corcella, G. and others",
      title          = "{HERWIG 6.1 release note}",
      year           = "1999",
      eprint         = "hep-ph/9912396",
      archivePrefix  = "arXiv",
      primaryClass   = "hep-ph",
      reportNumber   = "CAVENDISH-HEP-99-17",
      SLACcitation   = "%%CITATION = HEP-PH/9912396;%%"
}
@article{Sjostrand:2000wi,
      author         = "Sj{\"o}strand, Torbjorn and others",
      title          = "{High-energy physics event generation with PYTHIA 6.1}",
      journal        = "Comput. Phys. Commun.",
      volume         = "135",
      year           = "2001",
      pages          = "238-259",
      doi            = "10.1016/S0010-4655(00)00236-8",
      eprint         = "hep-ph/0010017",
      archivePrefix  = "arXiv",
      primaryClass   = "hep-ph",
      reportNumber   = "LU-TP-00-30",
      SLACcitation   = "%%CITATION = HEP-PH/0010017;%%"
}
@article{Frederix:2018nkq,
      author         = "Frederix, R. and others",
      title          = "{The automation of next-to-leading order electroweak
                        calculations}",
      journal        = "JHEP",
      volume         = "07",
      year           = "2018",
      pages          = "185",
      doi            = "10.1007/JHEP07(2018)185",
      eprint         = "1804.10017",
      archivePrefix  = "arXiv",
      primaryClass   = "hep-ph",
      reportNumber   = "Nikhef/2018-015, TUM-HEP-1138/18, NIKHEF-2018-015,
                        TUM-HEP-1138-18",
      SLACcitation   = "%%CITATION = ARXIV:1804.10017;%%"
}
%%% contains utf-8, see: http://inspirehep.net/info/faq/general#utf8
%%% add \usepackage[utf8]{inputenc} to your latex preamble

@article{Baak:2014ora,
      author         = "Baak, M. and others",
      title          = "{The global electroweak fit at NNLO and prospects for the
                        LHC and ILC}",
      collaboration  = "Gfitter Group",
      journal        = "Eur. Phys. J.",
      volume         = "C74",
      year           = "2014",
      pages          = "3046",
      doi            = "10.1140/epjc/s10052-014-3046-5",
      eprint         = "1407.3792",
      archivePrefix  = "arXiv",
      primaryClass   = "hep-ph",
      reportNumber   = "DESY-14-124",
      SLACcitation   = "%%CITATION = ARXIV:1407.3792;%%"
}
@article{Tanabashi:2018oca,
      author         = "Tanabashi, M. and others",
      title          = "{Review of Particle Physics}",
      collaboration  = "Particle Data Group",
      journal        = "Phys. Rev.",
      volume         = "D98",
      year           = "2018",
      number         = "3",
      pages          = "030001",
      doi            = "10.1103/PhysRevD.98.030001",
      SLACcitation   = "%%CITATION = PHRVA,D98,030001;%%"
}
@article{Cepeda:2019klc,
      author         = "Cepeda, M. and others",
      title          = "{Higgs Physics at the HL-LHC and HE-LHC}",
      collaboration  = "HL/HE WG2 group",
      year           = "2019",
      eprint         = "1902.00134",
      archivePrefix  = "arXiv",
      primaryClass   = "hep-ph",
      reportNumber   = "CERN-LPCC-2018-04",
      SLACcitation   = "%%CITATION = ARXIV:1902.00134;%%"
}

@article{Khalek:2018mdn,
      author         = "Abdul Khalek and others",
      title          = "{Towards Ultimate Parton Distributions at the
                        High-Luminosity LHC}",
      journal        = "Eur. Phys. J.",
      volume         = "C78",
      year           = "2018",
      number         = "11",
      pages          = "962",
      doi            = "10.1140/epjc/s10052-018-6448-y",
      eprint         = "1810.03639",
      archivePrefix  = "arXiv",
      primaryClass   = "hep-ph",
      reportNumber   = "Nikhef/2018-041",
      SLACcitation   = "%%CITATION = ARXIV:1810.03639;%%"
}

@article{PhysRevD.98.030001,
  title = {Review of Particle Physics},
  author = "Tanabashi, M. and others",
  collaboration = {Particle Data Group},
  journal = {Phys. Rev. D},
  volume = {98},
  issue = {3},
  pages = {030001},
  numpages = {1898},
  year = {2018},
  month = {Aug},
  publisher = {American Physical Society},
  doi = {10.1103/PhysRevD.98.030001},
  url = {https://link.aps.org/doi/10.1103/PhysRevD.98.030001}
}

@article{Aaboud:2018wps,
      author         = "Aaboud, Morad and others",
      title          = "{Measurement of the Higgs boson mass in the $H\rightarrow
                        ZZ^* \rightarrow 4\ell$ and $H \rightarrow \gamma\gamma$
                        channels with $\sqrt{s}=13$ TeV $pp$ collisions using the
                        ATLAS detector}",
      collaboration  = "ATLAS",
      journal        = "Phys. Lett.",
      volume         = "B784",
      year           = "2018",
      pages          = "345-366",
      doi            = "10.1016/j.physletb.2018.07.050",
      eprint         = "1806.00242",
      archivePrefix  = "arXiv",
      primaryClass   = "hep-ex",
      reportNumber   = "CERN-EP-2018-085",
      SLACcitation   = "%%CITATION = ARXIV:1806.00242;%%"
}

@article{Sirunyan:2017exp,
      author = {CMS Collaboration}, 
      title          = "{Measurements of properties of the Higgs boson decaying
                        into the four-lepton final state in pp collisions at $
                        \sqrt{s}=13 $ TeV}",
      collaboration  = "CMS",
      journal        = "JHEP",
      volume         = "11",
      year           = "2017",
      pages          = "047",
      doi            = "10.1007/JHEP11(2017)047",
      eprint         = "1706.09936",
      archivePrefix  = "arXiv",
      primaryClass   = "hep-ex",
      reportNumber   = "CMS-HIG-16-041, CERN-EP-2017-123",
      SLACcitation   = "%%CITATION = ARXIV:1706.09936;%%"
}
@inproceedings{Blondel:2018mad,
      author         = "Blondel, A. and others",
      title          = "{Standard Model Theory for the FCC-ee: The Tera-Z}",
      booktitle      = "{Mini Workshop on Precision EW and QCD Calculations for
                        the FCC Studies : Methods and Techniques CERN, Geneva,
                        Switzerland, January 12-13, 2018}",
      year           = "2018",
      eprint         = "1809.01830",
      archivePrefix  = "arXiv",
      primaryClass   = "hep-ph",
      reportNumber   = "BU-HEPP-18-04, CERN-TH-2018-145, IFJ-PAN-IV-2018-09, KW
                        18-003, MITP/18-052, MPP-2018-143, SI-HEP-2018-21",
      SLACcitation   = "%%CITATION = ARXIV:1809.01830;%%"
}
@article{Sudarshan:1958vf,
      author         = "Sudarshan, E. C. G. and Marshak, R. E.",
      title          = "{Chirality invariance and the universal Fermi
                        interaction}",
      journal        = "Phys. Rev.",
      volume         = "109",
      year           = "1958",
      pages          = "1860-1860",
      doi            = "10.1103/PhysRev.109.1860.2",
      SLACcitation   = "%%CITATION = PHRVA,109,1860;%%"
}

@article{PhysRevD.98.030001,
  title = {Review of Particle Physics},
  author = {Tanabashi, M. and Hagiwara, K. and Hikasa, K. and Nakamura, K. and Sumino, Y. and Takahashi, F. and Tanaka, J. and Agashe, K. and Aielli, G. and Amsler, C. and Antonelli, M. and Asner, D. M. and Baer, H. and Banerjee, Sw. and Barnett, R. M. and Basaglia, T. and Bauer, C. W. and Beatty, J. J. and Belousov, V. I. and Beringer, J. and Bethke, S. and Bettini, A. and Bichsel, H. and Biebel, O. and Black, K. M. and Blucher, E. and Buchmuller, O. and Burkert, V. and Bychkov, M. A. and Cahn, R. N. and Carena, M. and Ceccucci, A. and Cerri, A. and Chakraborty, D. and Chen, M.-C. and Chivukula, R. S. and Cowan, G. and Dahl, O. and D'Ambrosio, G. and Damour, T. and de Florian, D. and de Gouv\^ea, A. and DeGrand, T. and de Jong, P. and Dissertori, G. and Dobrescu, B. A. and D'Onofrio, M. and Doser, M. and Drees, M. and Dreiner, H. K. and Dwyer, D. A. and Eerola, P. and Eidelman, S. and Ellis, J. and Erler, J. and Ezhela, V. V. and Fetscher, W. and Fields, B. D. and Firestone, R. and Foster, B. and Freitas, A. and Gallagher, H. and Garren, L. and Gerber, H.-J. and Gerbier, G. and Gershon, T. and Gershtein, Y. and Gherghetta, T. and Godizov, A. A. and Goodman, M. and Grab, C. and Gritsan, A. V. and Grojean, C. and Groom, D. E. and Gr\"unewald, M. and Gurtu, A. and Gutsche, T. and Haber, H. E. and Hanhart, C. and Hashimoto, S. and Hayato, Y. and Hayes, K. G. and Hebecker, A. and Heinemeyer, S. and Heltsley, B. and Hern\'andez-Rey, J. J. and Hisano, J. and H\"ocker, A. and Holder, J. and Holtkamp, A. and Hyodo, T. and Irwin, K. D. and Johnson, K. F. and Kado, M. and Karliner, M. and Katz, U. F. and Klein, S. R. and Klempt, E. and Kowalewski, R. V. and Krauss, F. and Kreps, M. and Krusche, B. and Kuyanov, Yu. V. and Kwon, Y. and Lahav, O. and Laiho, J. and Lesgourgues, J. and Liddle, A. and Ligeti, Z. and Lin, C.-J. and Lippmann, C. and Liss, T. M. and Littenberg, L. and Lugovsky, K. S. and Lugovsky, S. B. and Lusiani, A. and Makida, Y. and Maltoni, F. and Mannel, T. and Manohar, A. V. and Marciano, W. J. and Martin, A. D. and Masoni, A. and Matthews, J. and Mei\ss{}ner, U.-G. and Milstead, D. and Mitchell, R. E. and M\"onig, K. and Molaro, P. and Moortgat, F. and Moskovic, M. and Murayama, H. and Narain, M. and Nason, P. and Navas, S. and Neubert, M. and Nevski, P. and Nir, Y. and Olive, K. A. and Pagan Griso, S. and Parsons, J. and Patrignani, C. and Peacock, J. A. and Pennington, M. and Petcov, S. T. and Petrov, V. A. and Pianori, E. and Piepke, A. and Pomarol, A. and Quadt, A. and Rademacker, J. and Raffelt, G. and Ratcliff, B. N. and Richardson, P. and Ringwald, A. and Roesler, S. and Rolli, S. and Romaniouk, A. and Rosenberg, L. J. and Rosner, J. L. and Rybka, G. and Ryutin, R. A. and Sachrajda, C. T. and Sakai, Y. and Salam, G. P. and Sarkar, S. and Sauli, F. and Schneider, O. and Scholberg, K. and Schwartz, A. J. and Scott, D. and Sharma, V. and Sharpe, S. R. and Shutt, T. and Silari, M. and Sj\"ostrand, T. and Skands, P. and Skwarnicki, T. and Smith, J. G. and Smoot, G. F. and Spanier, S. and Spieler, H. and Spiering, C. and Stahl, A. and Stone, S. L. and Sumiyoshi, T. and Syphers, M. J. and Terashi, K. and Terning, J. and Thoma, U. and Thorne, R. S. and Tiator, L. and Titov, M. and Tkachenko, N. P. and T\"ornqvist, N. A. and Tovey, D. R. and Valencia, G. and Van de Water, R. and Varelas, N. and Venanzoni, G. and Verde, L. and Vincter, M. G. and Vogel, P. and Vogt, A. and Wakely, S. P. and Walkowiak, W. and Walter, C. W. and Wands, D. and Ward, D. R. and Wascko, M. O. and Weiglein, G. and Weinberg, D. H. and Weinberg, E. J. and White, M. and Wiencke, L. R. and Willocq, S. and Wohl, C. G. and Womersley, J. and Woody, C. L. and Workman, R. L. and Yao, W.-M. and Zeller, G. P. and Zenin, O. V. and Zhu, R.-Y. and Zhu, S.-L. and Zimmermann, F. and Zyla, P. A. and Anderson, J. and Fuller, L. and Lugovsky, V. S. and Schaffner, P.},
  collaboration = {Particle Data Group},
  journal = {Phys. Rev. D},
  volume = {98},
  issue = {3},
  pages = {030001},
  numpages = {1898},
  year = {2018},
  month = {Aug},
  publisher = {American Physical Society},
  doi = {10.1103/PhysRevD.98.030001},
  url = {https://link.aps.org/doi/10.1103/PhysRevD.98.030001}
}
