% -- include here the bibtex style bibliography items for your section

@article{Ahlers:2018fkn,
      author         = "Ahlers, Markus and Halzen, Francis",
      title          = "{Opening a New Window onto the Universe with IceCube}",
      journal        = "Prog. Part. Nucl. Phys.",
      volume         = "102",
      year           = "2018",
      pages          = "73-88",
      doi            = "10.1016/j.ppnp.2018.05.001",
      eprint         = "1805.11112",
      archivePrefix  = "arXiv",
      primaryClass   = "astro-ph.HE",
      SLACcitation   = "%%CITATION = ARXIV:1805.11112;%%"
}
@article{IceCube:2018dnn,
      author         = "Aartsen, M. G. and others",
      title          = "{Multimessenger observations of a flaring blazar
                        coincident with high-energy neutrino IceCube-170922A}",
      collaboration  = "IceCube, Fermi-LAT, MAGIC, AGILE, ASAS-SN, HAWC,
                        H.E.S.S., INTEGRAL, Kanata, Kiso, Kapteyn, Liverpool
                        Telescope, Subaru, Swift NuSTAR, VERITAS, VLA/17B-403",
      journal        = "Science",
      volume         = "361",
      year           = "2018",
      number         = "6398",
      pages          = "eaat1378",
      doi            = "10.1126/science.aat1378",
      eprint         = "1807.08816",
      archivePrefix  = "arXiv",
      primaryClass   = "astro-ph.HE",
      SLACcitation   = "%%CITATION = ARXIV:1807.08816;%%"
}
