% -- include here the bibtex style bibliography items for your section

article{PBC:main,
  author = "{PBC working groups}",
   title = "{Summary Report of Physics Beyond Colliders at CERN}",
journal = {\href{http://cds.cern.ch/collection/PBC\%20Reports?ln=en}{{\color{blue}{CDS~link}}}},
    year = {2018}
   }
      
@article{PBC:QCD,
  author = "{PBC-PHYS QCD WG}",
   title = "{PBC QCD Working Group Report}",
journal = {\href{http://cds.cern.ch/collection/PBC\%20Reports?ln=en}{{\color{blue}{CDS~link}}}},
    year = {2018}
   }
   
@article{PBC:BSM,
  author = "{PBC-PHYS BSM WG}",
   title = "{PBC BSM Working Group Report}",
journal = {\href{http://cds.cern.ch/collection/PBC\%20Reports?ln=en}{{\color{blue}{CDS~link}}}},
    year = {2018},
   }

@article{PBC:BDF,
  author = "{PBC-ACC BDF WG}",
   title = "{BDF Comprehensive Design Study}",
journal = {\href{http://cds.cern.ch/collection/PBC\%20Reports?ln=en}{{\color{blue}{CDS~link}}}},
    year = {2018},
   }
   
@article{PBC:CONV,
  author = "{PBC-ACC Conventional Beams WG}",
   title = "{PBC Conventional Beam Working Group Report}",
journal = {\href{http://cds.cern.ch/collection/PBC\%20Reports?ln=en}{{\color{blue}{CDS~link}}}},
    year = {2018},
   }
   
@article{PBC:LHCFT,
  author = "{PBC-ACC LHC-FT WG}",
   title = "{PBC LHC-FT Working Group Report}",
journal = {\href{http://cds.cern.ch/collection/PBC\%20Reports?ln=en}{{\color{blue}{CDS~link}}}},
    year = {2018}
   }
    
@article{PBC:LIU,
  author = "{PBC-ACC LIU study group}",
   title = "{PBC LIU Report}",
journal = {\href{http://cds.cern.ch/collection/PBC\%20Reports?ln=en}{{\color{blue}{CDS~link}}}},
    year = {2018}
   }
   
@article{PBC:EDM,
  author = "{PBC-ACC EDM WG}",
   title = "{PBC EDM Ring Working Group Report}",
journal = {\href{http://cds.cern.ch/collection/PBC\%20Reports?ln=en}{{\color{blue}{CDS~link}}}},
    year = {2018}
   }

@article{PBC:TECHNO,
  author = "{PBC Technology WG}",
   title = "{PBC Technology Working Group Report}",
journal = {\href{http://cds.cern.ch/collection/PBC\%20Reports?ln=en}{{\color{blue}{CDS~link}}}},
    year = {2018}
   }
   
@article{PBC:eSPS,
  author = "{PBC-ACC eSPS Study Group}",
   title = "{PBC eSPS Report}",
journal = {\href{http://cds.cern.ch/collection/PBC\%20Reports?ln=en}{{\color{blue}{CDS~link}}}},
    year = {2018}
   }
   
@article{PBC:AWAKE,
  author = "{PBC-ACC AWAKE Study Group}",
   title = "{PBC AWAKE Report}",
journal = {\href{http://cds.cern.ch/collection/PBC\%20Reports?ln=en}{{\color{blue}{CDS~link}}}},
    year = {2018}
   }

@article{PBC:NUSTORM,
  author = "{PBC-ACC $\nu$STORM Study Group}",
   title = "{PBC $\nu$STORM Report}",
journal = {\href{http://cds.cern.ch/collection/PBC\%20Reports?ln=en}{{\color{blue}{CDS~link}}}},
    year = {2018}
   }

@article{PBC:GAMMA,
  author = "{PBC-ACC Gamma Factory Study Group}",
   title = "{PBC Gamma Factory Report}",
journal = {\href{http://cds.cern.ch/collection/PBC\%20Reports?ln=en}{{\color{blue}{CDS~link}}}},
    year = {2018}
   }

@article{PBC:FASER,
  author = "{PBC ACC FASER Study Group}",
   title = "{PBC FASER Report}",
journal = {arXiv},
    year = {2018}
   }

@article{NA61++,
  author = "{NA61 Collaboration}",
   title = "{Proposal Addenda SPSC-P330-ADD10 and -ADD11}",
journal = {arXiv},
    year = {2018}
   }
   
@article{NA64E++,
  author = "{NA64 Collaboration}",
   title = "{Proposal Addendum SPSC-P-348-ADD2}",
journal = {arXiv},
    year = {2018}
   }
   
@article{COMPASS++,
  author = "{O. Denisov et al.}",
   title = "{Letter of Intent: A new QCD facility at the M2 beamline of the CERN SPS}",
journal = {arXiv},
    number = {1808.00848},
    year = {2018}
   }
   
@article{MUONE,
  author = "{G. Abbiendi et al.}",
   title = "{Measuring the leading hadronic contribution to the muon g-2 via $\mu-e$ scattering}",
journal = {arXiv},
    number = {1609.08987},
    year = {2016},

   }
   
@article{NA64MU++,
  author = "{NA64 Collaboration}",
   title = "{Proposal Addendum SPSC-P-348-ADD3}",
journal = {arXiv},
    year = {2018}
   }

@article{KLEVER,
  author = "{KLEVER Consortium}",
   title = "{Expression of Interest in preparation}",
journal = {arXiv},
    year = {2018}
   }

@article{REDTOPFNAL,
  author = "{Y. Alexahin et al.}",
   title = "{REDTOP: Rare Eta Decays with a TPC for Optical Photons}",
journal = {FNAL Expression of Interest},
    year = {2017}
   }
   
@article{REDTOPBEAM,
  author = "{Lau Gatignon et al.}",
   title = "{REDTOP discussions in the conventional beams working group}",
journal = {CERN internal note},
    year = {2018}
   }


@article{Alekhin2015byh,
  author = "{Alekhin, S.}",
   title = "{A facility to Search for Hidden Particles at the CERN SPS: the SHiP physics case}",
 journal = {Reports on Progress in Physics},
  volume = 79,
  number = 12,
    year = {2016},
   pages = {12401}
   }
 

@article{2015arXiv150404956S,
   author = {{SHiP Collaboration} and {Anelli}, M. and {Aoki}, S. and {Arduini}, G. and 
	{Back}, J.~J. and {Bagulya}, A. and {Baldini}, W. and {Baranov}, A. and 
	{Barker}, G.~J. and {Barsuk}, S. and et al.},
    title = "{A facility to Search for Hidden Particles (SHiP) at the CERN SPS}",
  journal = {ArXiv e-prints},
archivePrefix = "arXiv",
   eprint = {1504.04956},
 primaryClass = "physics.ins-det",
 keywords = {Physics - Instrumentation and Detectors, High Energy Physics - Experiment},
     year = 2015,
    month = apr,
   adsurl = {http://adsabs.harvard.edu/abs/2015arXiv150404956S},
  adsnote = {Provided by the SAO/NASA Astrophysics Data System}
}

@article{SHIPPROTOCDS,
  author = "{SHiP Collaboration}",
   title = "{SHiP pre-CDS report}",
journal = {arXiv},
    year = {2018}
   }
   
@article{ESPS,
  author = "{T. Akesson et al.}",
   title = "{Dark sector study with a primary electron beam facility at CERN}",
journal = {SPSC-EOI-018},
    year = {2018}
   }
   
@article{LDMXSLAC,
  author = "{LDMX Collaboration}",
   title = "{Light Dark Matter Experiment (LDMX)}",
journal = {arXiv},
   number = {1808.05219},
   year = {2018}
   }

@article{AWAKE,
  author = "{E. Adli et al.}",
   title = "{Acceleration of electrons in the plasma wakefield of a proton bunch}",
journal = {Nature},
     year = {2018}
   }
 
@article{AFTER,
  author = "{C. Hadjidakis et al.}",
   title = "{A Fixed-Target Program at the LHC: Physics Case and Projected Performances for Heavy-Ion, Hadron, Spin and Astroparticle Studies}",
journal = {arXiv},
    number = {1807.00603},
    year = {2018}
   }
   
@article{LHCBEDM,
  author = "{E. Bagli et al.}",
   title = "{Electromagnetic Dipole Moments of Charmed Baryons with Bent Crystals at the LHC}",
journal = {arXiv},
    number = {1708.08483},
    year = {2017}
   }

@article{hybridEDM,
  author = "{S.Haciomeroglu and Y.Semertzidis}",
   title = "{A hybrid ring design in the storage-ring proton electric dipole moment experiment}",
journal = {arXiv},
    number = {1806.09319},
    year = {2018}
   }



@article{LHCBFT,
  author = "{LHCb Collaboration}",
   title = "{LHCb Fixed-Target Physics Note}",
journal = {to appear},
    year = {2018}
   }   
   
@article{NUSTORMLOI,
  author = "{nuSTORM Consortium}",
   title = "{nuSTORM CERN LOI}",
journal = {CDS},
    year = {2016}
   }   

@article{IAXOLOI,
  author = "{E. Armengaud et al.}",
   title = "{Letter of Intent to the CERN SPSC: The International Axion Observatory IAXO}",
journal = {SPSC-I-242},
    year = {2013}
   }   

@unpublished{PBC-conv-beams,
  author = "Lau Gatignon",
   title = "Physics Beyond Colliders Conventional Beams",
    note = "Draft",
   month = "September",
    year = 2018}

@unpublished{CB-REDTOP,
  author = "Lau Gatignon",
   title = "REDTOP DISCUSSIONS IN THE CONVENTIONAL BEAMS WORKING GROUP",
    note = "Conventional Beams WG - meeting notes",
   month = "March",
    year = 2018}


@article{AWAKE-nature,
	Author = {Adli, E. and Ahuja, A. and Apsimon, O. and Apsimon, R. and Bachmann, A. -M. and Barrientos, D. and Batsch, F. and Bauche, J. and Berglyd Olsen, V. K. and Bernardini, M. and Bohl, T. and Bracco, C. and Braunm{\"u}ller, F. and Burt, G. and Buttensch{\"o}n, B. and Caldwell, A. and Cascella, M. and Chappell, J. and Chevallay, E. and Chung, M. and Cooke, D. and Damerau, H. and Deacon, L. and Deubner, L. H. and Dexter, A. and Doebert, S. and Farmer, J. and Fedosseev, V. N. and Fiorito, R. and Fonseca, R. A. and Friebel, F. and Garolfi, L. and Gessner, S. and Gorgisyan, I. and Gorn, A. A. and Granados, E. and Grulke, O. and Gschwendtner, E. and Hansen, J. and Helm, A. and Henderson, J. R. and H{\"u}ther, M. and Ibison, M. and Jensen, L. and Jolly, S. and Keeble, F. and Kim, S. -Y. and Kraus, F. and Li, Y. and Liu, S. and Lopes, N. and Lotov, K. V. and Maricalva Brun, L. and Martyanov, M. and Mazzoni, S. and Medina Godoy, D. and Minakov, V. A. and Mitchell, J. and Molendijk, J. C. and Moody, J. T. and Moreira, M. and Muggli, P. and {\"O}z, E. and Pasquino, C. and Pardons, A. and Pe{\~n}a Asmus, F. and Pepitone, K. and Perera, A. and Petrenko, A. and Pitman, S. and Pukhov, A. and Rey, S. and Rieger, K. and Ruhl, H. and Schmidt, J. S. and Shalimova, I. A. and Sherwood, P. and Silva, L. O. and Soby, L. and Sosedkin, A. P. and Speroni, R. and Spitsyn, R. I. and Tuev, P. V. and Turner, M. and Velotti, F. and Verra, L. and Verzilov, V. A. and Vieira, J. and Welsch, C. P. and Williamson, B. and Wing, M. and Woolley, B. and Xia, G.},
	Journal = {Nature},
	Number = {7723},
	Pages = {363--367},
	Title = {Acceleration of electrons in the plasma wakefield of a proton bunch},
	Volume = {561},
	Year = {2018}}

@InProceedings{Redaelli:IPAC2018-TUPAF045,
  author       = {S. Redaelli and M. Ferro-Luzzi and C. Hadjidakis},
  title        = {{S}tudies for {F}uture {F}ixed{-T}arget {E}xperiments at the {LHC} in the {F}ramework of the {CERN} {P}hysics {B}eyond {C}olliders {S}tudy},
  booktitle    = {Proc. 9th International Particle Accelerator Conference (IPAC'18),
                  Vancouver, BC, Canada, April 29-May 4, 2018},
  pages        = {798--801},
  paper        = {TUPAF045},
  language     = {english},
  keywords     = {target, experiment, collider, proton, luminosity},
  venue        = {Vancouver, BC, Canada},
  series       = {International Particle Accelerator Conference},
  number       = {9},
  publisher    = {JACoW Publishing},
  address      = {Geneva, Switzerland},
  month        = {June},
  year         = {2018},
  isbn         = {978-3-95450-184-7},
  doi          = {doi:10.18429/JACoW-IPAC2018-TUPAF045},
  url          = {http://jacow.org/ipac2018/papers/tupaf045.pdf},
  note         = {https://doi.org/10.18429/JACoW-IPAC2018-TUPAF045},
}


@ARTICLE{2016arXiv160704669B,
   author = {{Ball}, A. and {Brooke}, J. and {Campagnari}, C. and {De Roeck}, A. and 
	{Francis}, B. and {Gastal}, M. and {Golf}, F. and {Goldstein}, J. and 
	{Haas}, A. and {Hill}, C.~S. and {Izaguirre}, E. and {Kaplan}, B. and 
	{Magill}, G. and {Marsh}, B. and {Miller}, D. and {Prins}, T. and 
	{Shakeshaft}, H. and {Stuart}, D. and {Swiatlowski}, M. and 
	{Yavin}, I.},
    title = "{A Letter of Intent to Install a milli-charged Particle Detector at LHC P5}",
  journal = {ArXiv e-prints},
archivePrefix = "arXiv",
   eprint = {1607.04669},
 primaryClass = "physics.ins-det",
 keywords = {Physics - Instrumentation and Detectors, High Energy Physics - Experiment},
     year = 2016,
    month = jul,
   adsurl = {http://adsabs.harvard.edu/abs/2016arXiv160704669B},
  adsnote = {Provided by the SAO/NASA Astrophysics Data System}
}

@ARTICLE{wim1,
author = "{ALEGRO Collaboration}",	
journal = "{arXiv:}",
volume = "{1901.10370v2}",
year = 2019
}

@ARTICLE{wim2,
	author ="{A.J.	Gonsalves	et	al.}",	
	journal= {PRL}, 
	volume =122,	
	year = 2019,	
	pages = 084801,
	}
	
	@ARTICLE{wim3,
author="{S.~Steinke	et	al.}",	
journal=Nature,
volume =530,	
year = 2016,
pages = 190,	
}

@ARTICLE{wim4,
author="{R.	D'Arcy	et	al.}",	
journal=PRL,
volume=122,		
year = 2019,
pages= 034801,
}

@ARTICLE{wim5,
author="{V.~Shpakov	et	al.}",	
journal=PRL,
volume=122,
year=2019,	
pages=114801,	
}

@ARTICLE{wim6,
author="{J.	van	Tilborg	et	al.}",	
journal=PRL,	
volume=115,
year-={2015},	
pages=184802,	
}

@ARTICLE{wim7,
author=	"{R.	Pompili	et	al.}",	
journal=PRL, 	
volume=121,	
year=2018,	
pages=174801	
}

@ARTICLE{wim8,
author="{J.-H.	R{\"o}ckemann	et	al.}",	
journal="{PRAB}",
volume=21,
pages=122801,
year=2018,
}

@ARTICLE{wim9,
author ="{C.A.~Lindstrom	et	al.}",	
journal=PRL,
volume = 121,	
year=2018,	
pages=194801,
}

@ARTICLE{wim10,
author="{D.~Marx	et	al.}",	
title ="{Simulation	studies	for	characterizing	ultrashort	bunches	using	novel	
polarizable	X-band	transverse	deflection	structures}", 
journal="{submitted}", 	
year=2019,
}

@ARTICLE{wim11,
author="{A.R.~Maier	et	al.}",	
title="{Continuous	24-hour	operation	of	a	laser-plasma	accelerator}",	
journal="{in preparation}",
year=2019,
}	

@ARTICLE{wim12,
author="{I.	Blumenfeld	et	al.}",	
journal="{Nature}",
volume=455,	
pages=741,	
year=2007,
}
	
@ARTICLE{wim13,
author="{M.~Litos	et	al.}",	
journal="{Plasma Phys.~Control Fusion}",
volume=58,
year=2016,
pages=034017,
}

@ARTICLE{wim14,
author="{M.	Litos	et	al.}",	
journal=Nature,	
year=2014,	
url="{10.1038/nature}", 
pages=13882,	
}
	
@ARTICLE{wim15,
author="{S.~Doche	et	al.}",	
journal="{Nat.~Sci.~Rep.}",	
volume=7,	
pages=14180,	
year=2017,
}

@ARTICLE{wim16,
author="{S.~Corde	et	al.}",
journal=Nature,
volume=524,	
pages=552,
year=2015,
}

@ARTICLE{wim17,
author="{E.~Adli et	al.	(AWAKE	Collaboration)}",	journal=Nature,
volume=561,	
pages="{363--367}",
year=2018,
}

@ARTICLE{wim18,
author="{E.~Adli	et	al.	(AWAKE	Collaboration)}",	
journal=PRL,
volume=122,	
pages=054802,
year=2019
}

@ARTICLE{wim19,
author="{M.~Turner	et	al.	(AWAKE	Collaboration)}",
journal=PRL,
volume=122,
pages=05801,
year=2019,
}

@ARTICLE{wim20,
author="{T.~Mehrling	et	al.}",	
journal="{Phys.~Plasmas}",
volume=25,	
pages=056703,
year=2018,
}
	
@ARTICLE{wim21,
author="{A.	Martinez de la Ossa et	al.}",	
journal=PRL,	
volume=121,
pages=064803,	
year=2018,	
}

@ARTICLE{wim22,
author="{M.~Th{\'e}venet	et	al.}",	
journal=PRAB,
volume=22,	
pages=05130,
years=2019,	
}


@ARTICLE{fccee,
author = "{Benedikt, M and others}", 
   url =  {https://doi.org/10.1140/epjst/e2019-900045-4}, 
title="{FCC-ee: The Lepton Collider}",
journal="The European Physical Journal Special Topics",
year="2019",
month="Jun",
day="01",
volume="228",
number="2",
pages="261--623",
}

@ARTICLE{fcchh,
title="FCC-hh: The Hadron Collider",
author = {Benedikt, M and others},
journal="The European Physical Journal Special Topics",
year="2019",
month="Jul",
day="01",
volume="228",
number="4",
pages="755--1107",
issn="1951-6401",
doi="10.1140/epjst/e2019-900087-0",
url="https://doi.org/10.1140/epjst/e2019-900087-0"
}

@article{cepc,
      title={CEPC Conceptual Design Report: Volume 1 - Accelerator},
      author={{\relax CEPC Study Group}},
      year ={2018},
      eprint={1809.00285},
      archivePrefix ={arXiv},
      primaryClass={physics.acc-ph}
}

@article{ilc2019,
      author         = "Bambade, Philip and others",
      title          = "{The International Linear Collider: A Global Project}",
      year           = "2019",
      eprint         = "1903.01629",
      archivePrefix  = "arXiv",
      primaryClass   = "hep-ex",
      reportNumber   = "DESY 19-037, DESY-19-037, FERMILAB-FN-1067-PPD,
                        IFIC/19-10, IRFU-19-10,
  JLAB-PHY-19-2854, KEK Preprint
                        2018-92, JLAB-PHY-19-2854, KEK
  Preprint 2018-92, LAL/RT
                        19-001, PNNL-SA-142168,
  SLAC-PUB-17412, SLAC-PUB-17412",
      }
     
@article{ilc-zpole-2019,
      author         = "Yokoya, Kaoru and Kubo, Kiyoshi and Okugi, Toshiyuki",
      title          = "{Operation of ILC250 at the Z-pole}",
      year           = "2019",
      eprint         = "1908.08212",
      archivePrefix  = "arXiv",
      primaryClass   = "physics.acc-ph",
}

@ARTICLE{ilc-akira2019,
author="{A.~Yamamoto}",
journal="{presentd at ICNFP 2019, Crete}",
url = {https://indico.cern.ch/event/754973/contributions/3535462/},
year=2019,
}

@article{Bordry:2018gri,
      author         = "Bordry, Frederick and Benedikt, Michael and Brüning,
                        Oliver and Jowett, John and Rossi, Lucio and Schulte,
                        Daniel and Stapnes, Steinar and Zimmermann, Frank",
      title          = "{Machine Parameters and Projected Luminosity Performance
                        of Proposed Future Colliders at CERN}",
      year           = "2018",
      eprint         = "1810.13022",
      archivePrefix  = "arXiv",
      primaryClass   = "physics.acc-ph",
      reportNumber   = "CERN-ACC-2018-0037",
}



@article{benedikt-granada,
      author         = "Benedikt, Michael",
      title          = "{Future Circular Colliders}", 
      journal = "{Open Symposium UESPP, Granada}",
      year           = "2019",
url="https://indico.cern.ch/event/808335/contributions/3365150/", 
}


@article{jensen-granada,
      author         = "Jensen, Erk",
      title          = "{Energy efficiency of HEP infrastructures}", 
      journal = "{Open Symposium UESPP, Granada}",
      year           = "2019",
url="https://indico.cern.ch/event/808335/contributions/3365146/", 
}

@article{Shiltsev19,
      author         = "Shiltsev, Vladimir",
      title          = "{Accelerator-based Neutrino beams}", 
      journal = "{Open Symposium UESPP, Granada}",
      year           = "2019",
url="https://indico.cern.ch/event/808335/contributions/3365147/", 
}

@article{zimmermann-pol,
      author         = "Zimmermann, Frank",
      title          = "{FCC-ee Design Overview}",
      journal = "{FCC Week 2019, Brussels}",
      year           = "2019",
      url ="https://indico.cern.ch/event/727555/contributions/3447588/", 
}

@article{shatilov-2019,
      author         = "Shatilov, Dmitry",
      title          = "{Beam-Beam Effects with 4 IPs, FCC Week 2019, Brussels}",
      year           = "2019",
      url ="https://indico.cern.ch/event/727555/contributions/3452787/",
      }
      
      
@article{oide-2019,
      author         = "Oide, Katsunobu",
      title          = "{Issues for the next step, FCC Week 2019, Brussels}",
      year           = "2019",
      url ="https://indico.cern.ch/event/727555/contributions/3452786/",
      }

@article{bnl-erl,
      author         = "{Litvinenko, Vladimir N and Roser, Thomas Roser and Chamizo Llatas, Maria Chamizo}",
      title          = "{ERL option for low RF power and high-energy FCC e$^+$e$^-$}",
      journal = "{Input to the European Particle Physics Strategy Update}",
      year           = "2019",
}

@article{heinemann,
      author         = "de Blas, J. and others",
      title          = "{Higgs Boson Studies at Future Particle Colliders}",
      year           = "2019",
      eprint         = "1905.03764",
      archivePrefix  = "arXiv",
      primaryClass   = "hep-ph",
}

@article{Roloff:2018dqu,
      author         = "Roloff, P. and Franceschini, R. and Schnoor, U. and
                        Wulzer, A.",
      title          = "{The Compact Linear e$^+$e$^-$ Collider (CLIC): Physics
                        Potential}",
      collaboration  = "CLIC, CLICdp",
      year           = "2018",
      eprint         = "1812.07986",
      archivePrefix  = "arXiv",
      primaryClass   = "hep-ex",
}

@article{Mangano:FCC2018,
      author         = "Mangano, M. and others",
      title          = "{FCC Physics Opportunities}",
      collaboration  = "FCC",
      journal        = "Eur. Phys. J.",
      volume         = "C79",
      year           = "2019",
      number         = "6",
      pages          = "474",
      doi            = "10.1140/epjc/s10052-019-6904-3",
      reportNumber   = "CERN-ACC-2018-0056",
}

\textbf{@article{CEPCStudyGroup:2018ghi,
      author         = "Dong, Mingyi and others",
      editor         = "Guimaraes da Costa, Joao Barreiro and Gao, Yuanning and
                        Jin, Shan and Qian, Jianming and Tully, Christopher G. and
                        Young, Charles and Wang, Lian-Tao and Ruan, Manqi and Zhu,
                        Hongbo and Ouyang, Qun and others ",
      title          = "{CEPC Conceptual Design Report: Volume 2 - Physics \&
                        Detector}",
      collaboration  = "CEPC Study Group",
      year           = "2018",
      eprint         = "1811.10545",
      archivePrefix  = "arXiv",
      primaryClass   = "hep-ex",
      reportNumber   = "IHEP-CEPC-DR-2018-02, IHEP-EP-2018-01, IHEP-TH-2018-01",
}

@article{Bambade:2019fyw,
      author         = "Bambade, Philip and others",
      title          = "{The International Linear Collider: A Global Project}",
      year           = "2019",
      eprint         = "1903.01629",
      archivePrefix  = "arXiv",
      primaryClass   = "hep-ex",
      reportNumber   = "DESY 19-037, DESY-19-037, FERMILAB-FN-1067-PPD,
                        IFIC/19-10, IRFU-19-10,
  JLAB-PHY-19-2854, KEK Preprint
                        2018-92, JLAB-PHY-19-2854, KEK
  Preprint 2018-92, LAL/RT
                        19-001, PNNL-SA-142168,
  SLAC-PUB-17412, SLAC-PUB-17412",
}

@article{Fujii:2017vwa,
      author         = "Fujii, Keisuke and others",
      title          = "{Physics Case for the 250 GeV Stage of the International
                        Linear Collider}",
      year           = "2017",
      eprint         = "1710.07621",
      archivePrefix  = "arXiv",
      primaryClass   = "hep-ex",
      reportNumber   = "DESY-17-155, KEK-PREPRINT-2017-31, LAL-17-059,
                        SLAC-PUB-17161",
}

@article{Cepeda:2019klc,
      author         = "Cepeda, M. and others",
      title          = "{Higgs Physics at the HL-LHC and HE-LHC}",
      collaboration  = "HL/HE WG2 group",
      year           = "2019",
      eprint         = "1902.00134",
      archivePrefix  = "arXiv",
      primaryClass   = "hep-ph",
      reportNumber   = "CERN-LPCC-2018-04",
      SLACcitation   = "%%CITATION = ARXIV:1902.00134;%%"
}


@article{michizono,
      author         = "Michizono, S.",
      title          = "{private communication}",
      year           = "2019",
}


@article{wang,
      author         = "Wang, Yifang",
      title          = "{private communication}",
      year           = "2019",
}


@techreport{Latina:2687090,
      author        = "Latina, Andrea and Schulte, Daniel and Stapnes, Steinar",
      title         = "{CLIC study update August 2019}",
      institution   = "CERN",
      address       = "Geneva",
      number        = "CERN-ACC-2019-0051. CLIC-Note-1143",
      month         = "Aug",
      year          = "2019",
      reportNumber  = "CERN-ACC-2019-0051",
      url           = "http://cds.cern.ch/record/2687090",
}


@inproceedings{Delahaye:2013jla,
      author         = "Delahaye, J-P. and others",
      title          = "{Enabling Intensity and Energy Frontier Science with a
                        Muon Accelerator Facility in the U.S.: A White Paper
                        Submitted to the 2013 U.S. Community Summer Study of the
                        Division of Particles and Fields of the American Physical
                        Society}",
      booktitle      = "{Proceedings, 2013 Community Summer Study on the Future
                        of U.S. Particle Physics: Snowmass on the Mississippi
                        (CSS2013): Minneapolis, MN, USA, July 29-August 6, 2013}",
      url            = "http://www.slac.stanford.edu/econf/C1307292/docs/submittedArxivFiles/1308.0494.pdf",
      year           = "2013",
      eprint         = "1308.0494",
      archivePrefix  = "arXiv",
      primaryClass   = "physics.acc-ph",
      reportNumber   = "FERMILAB-CONF-13-307-APC",
}

%% from RPP 2018 reference(s): [50] (label accel:muon3)
@misc{accel:muon3-sr1,
  note         = "{M.~Palmer, Discussion of the Scientific Potential of Muon Beams, FNAL, 18 November 2015 (2015).}"
}

%% from RPP 2018 reference(s): [51] (label accel:MuonItalia)
@article{Antonelli:2015nla,
      author         = "Antonelli, M. and Boscolo, M. and Di Nardo, R. and
                        Raimondi, P.",
      title          = "{Novel proposal for a low emittance muon beam using
                        positron beam on target}",
      journal        = "Nucl. Instrum. Meth.",
      volume         = "A807",
      year           = "2016",
      pages          = "101-107",
      doi            = "10.1016/j.nima.2015.10.097",
      eprint         = "1509.04454",
      archivePrefix  = "arXiv",
      primaryClass   = "physics.acc-ph",
}


%% NEW
@misc{accel:lemma2019,
  note         = "{M.~Biagini {\it et al.}, Positron Driven Muon Source for a Muon Collider: Recent Developments, IPAC'19, 
  Melbourne, MOZZPLS2 (2019).}"
}

@article{perleid,
  author        = "{Klein, M. and Stocchi, A.}", 
  title ="{PERLE : A High Power Energy Recovery Facility for Europe}", 
  journal = "{Input to the European Particle Physics Strategy Update 2018--2020}", 
  volume = "{no.~147}", 
  url = "https://indico.cern.ch/event/765096/contributions/3295979/", 
  year=2018,
}

@article{lhecid,
  author        = "{Klein, M. and Br\"{u}ning, O.}", 
  title ="{Exploring the Energy Frontier with Deep Inelastic Scattering at the LHC}", 
  journal = "{Input to the European Particle Physics Strategy Update 2018--2020}", 
  volume = "{no.~159}", 
  url = "https://indico.cern.ch/event/765096/contributions/3296015/", 
  year=2018,
}

@article{eicid,
  author        = "{Willeke, F. and Seryi, A.}", 
  title ="{Electron Ion Collider Accelerator Science and Technology - Designs, R\&D and Synergies with European research in Accelerators}", 
  journal = "{Input to the European Particle Physics Strategy Update 2018--2020}", 
  volume = "{no.~74}", 
  url = "https://indico.cern.ch/event/765096/contributions/3295690/", 
  year=2018,
}

@article{muonid,
  author        = "{Pastrone, N.}", 
  title ="{Muon Colliders}", 
  journal = "{Input to the European Particle Physics Strategy Update 2018--2020}", 
  volume = "{no.~120}", 
  url = "https://indico.cern.ch/event/765096/contributions/3295784/", 
  year=2018,
}



@article{id6,
  author        = "{Krasny, M.W.}", 
  title ="{Gamma Factory for CERN}", 
  journal = "{Input to the European Particle Physics Strategy Update 2018--2020}", 
  volume = "{no.~6}", 
  url = "https://indico.cern.ch/event/765096/contributions/3295513/", 
  year=2018,
}


@article{id76,
  author        = "{Komatsubara, T.}", 
  title ="{Input from J-PARC to the update of the European Strategy for Particle Physics}", 
  journal = "{Input to the European Particle Physics Strategy Update 2018--2020}", 
  volume = "{no.~76}", 
  url = "https://indico.cern.ch/event/765096/contributions/3295701/", 
  year=2018,
}

@article{id98,
  author        = "{Ekelof, T.J.C. and Dracos, M.}", 
  title ="{The European Spallation Source neutrino Super Beam ESS$\nu$SB}", 
  journal = "{Input to the European Particle Physics Strategy Update 2018--2020}", 
  volume = "{no.~98}", 
  url = "https://indico.cern.ch/event/765096/contributions/3295734/", 
  year=2018,
}

@article{id156,
  author        = "{Milstead, D.}", 
  title ="{The HIBEAM/NNBAR Experiment for the European Spallation Source}", 
  journal = "{Input to the European Particle Physics Strategy Update 2018--2020}", 
  volume = "{no.~156}", 
  url = "https://indico.cern.ch/event/765096/contributions/3296012/", 
  year=2018,
}

@article{id164,
  author        = "{Santoro, V.}", 
  title ="{The European Spallation Source ERIC}", 
  journal = "{Input to the European Particle Physics Strategy Update 2018--2020}", 
  volume = "{no.~164}", 
  url = "https://indico.cern.ch/event/765096/contributions/3296023/", 
  year=2018,
}


@article{id20,
  author        = "{Gatignon, Lau and others}", 
  title ="{PBC Conventional Beams Executive Summary}", 
  journal = "{Input to the European Particle Physics Strategy Update 2018--2020}", 
  volume = "{no.~20}", 
  url = "https://indico.cern.ch/event/765096/contributions/3295547/", 
  year=2018,
}


@article{id12,
  author        = "{SHIP Collaboration}", 
  title ="{The SHiP experiment at the SPS Beam Dump Facility}", 
  journal = "{Input to the European Particle Physics Strategy Update 2018--2020}", 
  volume = "{no.~12}", 
  url = "https://indico.cern.ch/event/765096/contributions/3295520/", 
  year=2018,
}


@article{id129,
  author        = "{Perillo Marcone, A and others}", 
  title ="{SPS Beam Dump Facility}", 
  journal = "{Input to the European Particle Physics Strategy Update 2018--2020}", 
  volume = "{no.~129}", 
  url = "https://indico.cern.ch/event/765096/contributions/3295803/", 
  year=2018,
}

@article{id102,
  author        = "{Ahdida, C C and others}", 
  title ="{TauFV: a fixed-target experiment to search for flavour violation in tau decays}", 
  journal = "{Input to the European Particle Physics Strategy Update 2018--2020}", 
  volume = "{no.~102}", 
  url = "https://indico.cern.ch/event/765096/contributions/3295745/", 
  year=2018,
}

@article{id9,
  author        = "{The NA64 Collaboration}", 
  title ="{Prospects for exploring the Dark Sector physics and rare processes with NA64 at the CERN SPS}", 
  journal = "{Input to the European Particle Physics Strategy Update 2018--2020}", 
  volume = "{no.~9}", 
  url = "https://indico.cern.ch/event/765096/contributions/3295517/", 
  year=2018,
}

@article{id36,
  author        = "{Akesson, T and Stapnes, S}", 
  title ="{Dark Sector Physics with a Primary Electron Beam Facility at CERN}", 
  journal = "{Input to the European Particle Physics Strategy Update 2018--2020}", 
  volume = "{no.~36}", 
  url = "https://indico.cern.ch/event/765096/contributions/3295600/", 
  year=2018,
}

@article{id28,
  author        = "{Gatto, C and REDTOP Collaboration}", 
  title ="{REDTOP: Rare Eta Decays with a TPC for Optical Photons}", 
  journal = "{Input to the European Particle Physics Strategy Update 2018--2020}", 
  volume = "{no.~28}", 
  url = "https://indico.cern.ch/event/765096/contributions/3295554/", 
  year=2018,
}

@article{id153,
  author        = "{Moulson, M}", 
  title ="{KLEVER: An experiment to measure BR(KL -> pi0 nu anti-nu) at the CERN SPS}", 
  journal = "{Input to the European Particle Physics Strategy Update 2018--2020}", 
  volume = "{no.~153}", 
  url = "https://indico.cern.ch/event/765096/contributions/3295999/", 
  year=2018,
}

@article{id38,
  author        = "{Drutskoy, A and others}", 
  title ="{COMET}", 
  journal = "{Input to the European Particle Physics Strategy Update 2018--2020}", 
  volume = "{no.~38}", 
  url = "https://indico.cern.ch/event/765096/contributions/3295602/", 
  year=2018,
}

@article{Alemany:2019vsk,
      author         = "Alemany, R. and others",
      editor         = "Jaeckel, J. and Lamont, M. and Vallée, C.",
      title          = "{Summary Report of Physics Beyond Colliders at CERN}",
      year           = "2019",
      eprint         = "1902.00260",
      archivePrefix  = "arXiv",
      primaryClass   = "hep-ex",
      reportNumber   = "CERN-PBC-REPORT-2018-003",
      SLACcitation   = "%%CITATION = ARXIV:1902.00260;%%"
}

@article{HTSapps,
      author         = "M. Noe and others",
      title          = "{HTS Applications}",
      journal = "{WAMSDO Proceedings}", 
      year           = "2009",
      url ="http://cds.cern.ch/record/1163936/files/p94.pdf",
      }

@article{PTCOG,
      author         = "",
      title          = "{Particle Therapy Co-Operative Group}",
            url ="https://www.ptcog.ch/index.php/facilities-in-operation",
}

@article{gatoroid,
      author         = "L. Bottura and others",
      title          = "{GaToroid, A compact non-rotating gantry for charged particle therapy}",
      journal = "{CERN Knowledge Transfer}", 
      year           = "2019",
      url ="[https://kt.cern/technologies/gatoroid",
      }
      
      
@article{Schippers,
      author         = "J. M. Schippers",
      title          = "{Miniaturizing proton therapy: a technical challenge with unclear clinical impact}",
      journal = "{Int. J. Rad. Onc. Biol. Phys.}",
      volume = "{no.~95}", 
      pages = {149--153},
      year           = "2016",
      url ="[https://kt.cern/technologies/gatoroid",
      }
      
@article{PTCOG,
      author         = "",
      title          = "{Particle Therapy Co-Operative Group}",
            url ="https://www.ptcog.ch/index.php/facilities-in-operation",
}
     
@article{GEM,
      author         = "",
      title          = "GEMPix",
            url ="https://kt.cern/success-stories/gempix",
}
     
      @article{DECTRIS,
      author         = "DECTRIS",
      title          = "{Pre-Clinical and Medical Research}",
      url ="https://www.dectris.com/applications/medical/preclinical-and-medical-research",
}

@article{COMPACTLIGHT,
      author         = "",
      title          = "CompactLight",
            url ="http://www.compactlight.eu/Main/HomePage",
}



