@book{Mangano:2270978,
      author        = "Mangano, Michelangelo",
      title         = "{Physics at the FCC-hh, a 100 TeV pp collider}",
      publisher     = "CERN",
      address       = "Geneva",
      series        = "CERN Yellow Reports: Monographs",
      year          = "2017",
      url           = "https://cds.cern.ch/record/2270978",
}
@article{Ade:2015xua,
      author         = "Ade, P. A. R. et al.",
      title          = "{Planck 2015 results. XIII. Cosmological parameters}",
      collaboration  = "Planck",
      journal        = "Astron. Astrophys.",
      volume         = "594",
      year           = "2016",
      pages          = "A13",
      doi            = "10.1051/0004-6361/201525830",
      eprint         = "1502.01589",
      archivePrefix  = "arXiv",
      primaryClass   = "astro-ph.CO",
      SLACcitation   = "%%CITATION = ARXIV:1502.01589;%%"
}
@article{shashlik,
      author         = "Atoyan, G.A. et al.",
      title          = "{Lead-scintillator electromagnetic calorimeter with wavelength shifting fiber readout}",
      journal        = "Nucl. Instrm. Meth. A",
      volume         = "320",
      year           = "1992",
      pages          = "144",
      doi            = "0.1016/0168-9002(92)90773-W",
}
@article{Acosta:1991ap,
      author         = "Acosta, D. and others",
      title          = "{Electron, pion and multiparticle detection with a lead /
                        scintillating - fiber calorimeter}",
      journal        = "Nucl. Instrum. Meth.",
      volume         = "A308",
      year           = "1991",
      pages          = "481-508",
      doi            = "10.1016/0168-9002(91)90062-U",
      reportNumber   = "CERN-PPE-91-85",
      SLACcitation   = "%%CITATION = NUIMA,A308,481;%%"
}

@phdthesis{spaghetti,
    title    = {The spaghetti calorimeter : research, development, application},
    school   = {Amsterdam University},
    author   = {Scheel, C. V.},
    year     = {1994},
}
@techreport{CLD,
    author          =   "N. Alipour Tehrani",
    title           =   "CLD - a detector concept for FCC-ee",
    number          =   "LCD-Note-2018-004",
    note            =   "",
    key             =   "ID19",
    month           =   "December",
    year            =   "2018",
    }
@article{Jansen:2016bkd,
      author         = "Jansen, Hendrik and others",
      title          = "{Performance of the EUDET-type beam telescopes}",
      journal        = "EPJ Tech. Instrum.",
      volume         = "3",
      year           = "2016",
      number         = "1",
      pages          = "7",
      doi            = "10.1140/epjti/s40485-016-0033-2",
      eprint         = "1603.09669",
      archivePrefix  = "arXiv",
      reportNumber   = "DESY-16-055",
      SLACcitation   = "%%CITATION = ARXIV:1603.09669;%%"
}

@article{Garcia-Sciveres:2017ymt,
      author         = "Garcia-Sciveres, Maurice and Wermes, Norbert",
      title          = "{A review of advances in pixel detectors for experiments
                        with high rate and radiation}",
      journal        = "Rept. Prog. Phys.",
      volume         = "81",
      year           = "2018",
      number         = "6",
      pages          = "066101",
      doi            = "10.1088/1361-6633/aab064",
      primaryClass   = "physics.ins-det",
      SLACcitation   = "%%CITATION = ARXIV:1705.10150;%%"
}

@article{Turchetta:2006,
    author = {Turchetta, Renato and Allport, P.P. and Casse, G and Clark, A and Crooks, J and Evans, A and Fant, Andrea and Faruqi, A.R. and French, Marcus and Henderson, Richard and Morrissey, Quentin and Prior, David and Prydderch, Mark and Velthuis, Jaap and Villani, E.G. and Waltham, Nick and Willmore, Ben and Willmore, P},
    year = {2006},
    month = {05},
    pages = {139-142},
    title = {CMOS Monolithic Active Pixel Sensors (MAPS): New ‘eyes’ for science},
    volume = {560},
    journal = {Nuclear Instruments and Methods in Physics Research Section A: Accelerators, Spectrometers, Detectors and Associated Equipment},
    doi = {10.1016/j.nima.2005.11.241}
}

@techreport{Currás:2673324,
      author        = "Curr\'{a}s, E. and others",
      title         = "{Inverse Low Gain Avalanche Detectors (iLGADs) for precise
                       tracking and timing applications}",
      number        = "arXiv:1904.02061",
      month         = "Apr",
      year          = "2019",
      reportNumber  = "arXiv:1904.02061",

}

@article{Abe:2010gxa,
      title          = "{Belle II Technical Design Report}",
      collaboration  = "Belle-II",
      year           = "2010",
      eprint         = "1011.0352",
      archivePrefix  = "arXiv",
      primaryClass   = "physics.ins-det",
      reportNumber   = "KEK-REPORT-2010-1",
      SLACcitation   = "%%CITATION = ARXIV:1011.0352;%%"
}

@techreport{Aaij:2244311,
      collaboration        = "LHCb Collaboration",
      title         = "{Expression of Interest for a Phase-II LHCb Upgrade:
                       Opportunities in flavour physics, and beyond, in the HL-LHC
                       era}",
      institution   = "CERN",
      address       = "Geneva",
      number        = "CERN-LHCC-2017-003",
      month         = "Feb",
      year          = "2017",
      reportNumber  = "CERN-LHCC-2017-003",
      url           = "https://cds.cern.ch/record/2244311",
}

@article{MOUSTAKAS2019604,
    title = "CMOS monolithic pixel sensors based on the column-drain architecture for the HL-LHC upgrade",
    journal = "Nuclear Instruments and Methods in Physics Research Section A: Accelerators, Spectrometers, Detectors and Associated Equipment",
    volume = "936",
    pages = "604 - 607",
    year = "2019",
    issn = "0168-9002",
    doi = "https://doi.org/10.1016/j.nima.2018.09.100",
    author = "K. Moustakas and others",
}

@book{Dannheim:2673779,
      collaboration        = "CLICdp Collaboration",
      title         = "{Detector Technologies for CLIC}",
      series        = "CERN Yellow Reports: Monographs",
      month         = "May",
      year          = "2019",
      reportNumber  = "arXiv:1905.02520",
      url           = "http://cds.cern.ch/record/2673779",
      doi           = "10.23731/CYRM-2019-001",
}

@article{THOMSON200925,
    title = "Particle flow calorimetry and the PandoraPFA algorithm",
    journal = "Nuclear Instruments and Methods in Physics Research Section A: Accelerators, Spectrometers, Detectors and Associated Equipment",
    volume = "611",
    number = "1",
    pages = "25 - 40",
    year = "2009",
    issn = "0168-9002",
    doi = "https://doi.org/10.1016/j.nima.2009.09.009",
    author = "M.A. Thomson",
}
@article{Sefkow:2015hna,
      author         = "Sefkow, Felix and White, Andy and Kawagoe, Kiyotomo and
                        Pöschl, Roman and Repond, José",
      title          = "{Experimental Tests of Particle Flow Calorimetry}",
      journal        = "Rev. Mod. Phys.",
      volume         = "88",
      year           = "2016",
      pages          = "015003",
      doi            = "10.1103/RevModPhys.88.015003",
      eprint         = "1507.05893",
      archivePrefix  = "arXiv",
      primaryClass   = "physics.ins-det",
      reportNumber   = "DESY-14-032, KYUSHU-RCAPP-2015-01, LAL-15-235",
      SLACcitation   = "%%CITATION = ARXIV:1507.05893;%%"
}

@article{RevModPhys.90.025002,
  title = {Dual-readout calorimetry},
  author = {Lee, Sehwook and Livan, Michele and Wigmans, Richard},
  journal = {Rev. Mod. Phys.},
  volume = {90},
  issue = {2},
  pages = {025002},
  numpages = {40},
  year = {2018},
  month = {Apr},
  publisher = {American Physical Society},
  doi = {10.1103/RevModPhys.90.025002},
  url = {https://link.aps.org/doi/10.1103/RevModPhys.90.025002}
}
@article{Grenier_2014,
	doi = {10.1088/1748-0221/9/09/c09006},
	year = 2014,
	month = {sep},
	publisher = {{IOP} Publishing},
	volume = {9},
	number = {09},
	pages = {C09006},
	author = {G Grenier},
	title = {A hadronic calorimeter with Glass {RPC} as sensitive medium},
	journal = {Journal of Instrumentation},
}
@misc{bib:db,
  howpublished = "\url{http://cern.ch/irradiation-facilities}"
}
@article{bib:geant1,
    doi = {10.1016/S0168-9002(03)01368-8},
	year = {2003},
	volume = {506},
	number = {3},
	pages = {250},
	author = {S. Agostinelli et al.},
	title = {Geant4 - A simulation toolkit},
	journal = {Nculear Instruments and Methods in Physics Research A},
}
@article{bib:geant2,
    doi = {10.1109/TNS.2006.869826},
	year = {2006},
	volume = {53},
	number = {1},
	pages = {270},
	author = {J.Allison et al.},
	title = {Geant4 developments and applications},
	journal = {IEEE Transactions on Nuclear Science},
}
@article{bib:geant3,
    doi = {10.1016/j.nima.2016.06.125},
	year = {2016},
	volume = {835},
	pages = {186},
	author = {J.Allison et al.},
	title = {Recent developments in Geant4},
	journal = {Nuclear Instruments and Methods in Physics Research A},
}


@article{bib:DC-talk,
    author = {D. Contardo},
    title = {Lessons learned from past detector R\&D},
    journal = {Presentation, Open Symposium, Granada, Spain},
    year = {13-16 May 2019},
    note = "\href{https://indico.cern.ch/event/808335/contributions/3365103/attachments/1843583/3023789/DC_EPPSUGranada_14052019.pdf}{[LINK]}",
}
@article{bib:CDV-talk,
    author = {C. Da Via},
    title = {Technological synergies with non-HEP experimental programs and industry},
    journal = {Presentation, Open Symposium, Granada, Spain},
    year = {13-16 May 2019},
    note = "\href{https://indico.cern.ch/event/808335/contributions/3365100/attachments/1843614/3023846/Technological_Synergies_in_Instrumentation_RD_and_Industry.pdf}{[LINK]}"
}

@misc{bib:MK-talk,
    author = {M. Kasemann},
    title = {Future challenges of HEP computing},
    journal = {Presentation, Open Symposium, Granada, Spain},
    year = {13-16 May 2019},
    note = "\href{https://indico.cern.ch/event/808335/contributions/3365096/attachments/1844453/3025607/Challenges.pdf}{[LINK]}"
}
@misc{bib:RJ-talk,
    author = {R. Jones},
    title = {Computing models: Lessons learned},
    journal = {Presentation, Open Symposium, Granada, Spain},
    year = {13-16 May 2019},
    note = "\href{https://indico.cern.ch/event/808335/contributions/3365097/attachments/1843340/3023265/ComputingModelLessonsLearned.pdf}{[LINK]}"
}
@misc{bib:IB-talk,
    author = {I. Bird},
    title = {Current HEP computing model},
    journal = {Presentation, Open Symposium, Granada, Spain},
    year = {13-16 May 2019},
    note = "\href{https://indico.cern.ch/event/808335/contributions/3365098/attachments/1842604/3024260/ESPP-CurrentComputingModels-150519.pdf}{[LINK]}"
}
@misc{bib:MG-talk,
    author = {M. Girone},
    title = {R\&D: HEP computing infrastructure},
    journal = {Presentation, Open Symposium, Granada, Spain},
    year = {13-16 May 2019},
    note = "\href{https://indico.cern.ch/event/808335/contributions/3367987/attachments/1844313/3025463/ESPP-MG.pdf}{[LINK]}"
}
@misc{bib:GS-talk,
    author = {G. Stewart},
    title = {R\&D: HEP software},
    journal = {Presentation, Open Symposium, Granada, Spain},
    year = {13-16 May 2019},
    note = "\href{https://indico.cern.ch/event/808335/contributions/3367988/attachments/1843865/3025660/eppsu-software-rd.pdf}{[LINK]}"
}
@misc{bib:LS-talk,
    author = {L. Linssen},
    title = {Technological challenges of future HEP experiments},
    journal = {Presentation, Open Symposium, Granada, Spain},
    year = {13-16 May 2019},
    note = "\href{https://indico.cern.ch/event/808335/contributions/3365102/attachments/1843581/3024457/Linssen_Granada_detectors_May2019.pdf}{[LINK]}"
}
@misc{bib:FS-talk,
    author = {F. Sefkow},
    title = {Detector R\&D for future HEP experiments},
    journal = {Presentation, Open Symposium, Granada, Spain},
    year = {13-16 May 2019},
    note = "\href{https://indico.cern.ch/event/808335/contributions/3365101/attachments/1843661/3023942/DetRD-Granada19-FSefkow-v3.pdf}{[LINK]}"
}
@misc{bib:medipix,
  howpublished = "\url{https://medipix.web.cern.ch/}"
}
@misc{bib:ATTRACT,
  howpublished = "\url{https://attract-eu.com/}"
}
@misc{bib:ERDIT,
  howpublished = "\url{http://erdit.eu/}"
}
@misc{bib:atlas-computing,
  howpublished = "\url{https://twiki.cern.ch/twiki/bin/view/AtlasPublic/ComputingandSoftwarePublicResults}"
}
@misc{bib:irradiation-talk,
  howpublished = "\url{https://indico.desy.de/indico/event/16161/session/12/contribution/19/material/slides/0.pptx}"
}
@INPROCEEDINGS{bib:cern-radiation,
    author={B. {Gkotse} et al.},
    booktitle={2017 17th European Conference on Radiation and Its Effects on Components and Systems (RADECS)},
    title={Irradiation Facilities at CERN},
    year={2017},
    volume={},
    number={},
    pages={1-7},
    doi={10.1109/RADECS.2017.8696163},
    ISSN={1609-0438},
    month={Oct},
}
@misc{bib:HSF,
  howpublished = "\url{https://hepsoftwarefoundation.org/}"
}
