% -- include here the bibtex style bibliography items for your section

@article{Farina:2016rws,
      author         = "M. Farina et al.",
      title          = "{Energy helps accuracy: electroweak precision tests at
                        hadron colliders}",
      journal        = "Phys. Lett.",
      volume         = "B772",
      year           = "2017",
      pages          = "210-215",
      doi            = "10.1016/j.physletb.2017.06.043",
      eprint         = "1609.08157",
      archivePrefix  = "arXiv",
      primaryClass   = "hep-ph",
      reportNumber   = "CERN-TH-2016-205",
      SLACcitation   = "%%CITATION = ARXIV:1609.08157;%%"
}

@article{Tanabashi:2018oca,
      author         = "M. Tanabashi et al.",
      title          = "{Review of Particle Physics}",
      collaboration  = "Particle Data Group",
      journal        = "Phys. Rev.",
      volume         = "D98",
      year           = "2018",
      number         = "3",
      pages          = "030001",
      doi            = "10.1103/PhysRevD.98.030001",
      SLACcitation   = "%%CITATION = PHRVA,D98,030001;%%"
}

@article{Azzi:2019yne,
      author         = "P. Azzi et al.",
      title          = "{Standard Model Physics at the HL-LHC and HE-LHC}",
      collaboration  = "HL-LHC, HE-LHC Working Group",
      year           = "2019",
      eprint         = "1902.04070",
      archivePrefix  = "arXiv",
      primaryClass   = "hep-ph",
      reportNumber   = "CERN-LPCC-2018-03",
      SLACcitation   = "%%CITATION = ARXIV:1902.04070;%%"
}

@article{Abada:2019lih,
      author         = "A. Abada et al.",
      title          = "{FCC Physics Opportunities}",
      collaboration  = "FCC",
      journal        = "Eur. Phys. J.",
      volume         = "C79",
      year           = "2019",
      number         = "6",
      pages          = "474",
      doi            = "10.1140/epjc/s10052-019-6904-3",
      reportNumber   = "CERN-ACC-2018-0056",
      SLACcitation   = "%%CITATION = EPHJA,C79,474;%%"
}

@article{Aad:2019fac,
      author         = "G. Aad et al.",
      title          = "{Search for high-mass dilepton resonances using 139
                        fb$^{-1}$ of $pp$ collision data collected at
                        $\sqrt{s}=$13 TeV with the ATLAS detector}",
      collaboration  = "ATLAS",
      year           = "2019",
      eprint         = "1903.06248",
      archivePrefix  = "arXiv",
      primaryClass   = "hep-ex",
      reportNumber   = "CERN-EP-2019-030",
      SLACcitation   = "%%CITATION = ARXIV:1903.06248;%%"
}

@article{Sirunyan:2018exx,
      author         = "A.M. Sirunyan and others",
      title          = "{Search for high-mass resonances in dilepton final states
                        in proton-proton collisions at $\sqrt{s}=$ 13 TeV}",
      collaboration  = "CMS",
      journal        = "JHEP",
      volume         = "06",
      year           = "2018",
      pages          = "120",
      doi            = "10.1007/JHEP06(2018)120",
      eprint         = "1803.06292",
      archivePrefix  = "arXiv",
      primaryClass   = "hep-ex",
      reportNumber   = "CMS-EXO-16-047, CERN-EP-2018-027",
      SLACcitation   = "%%CITATION = ARXIV:1803.06292;%%"
}

@article{delAguila:2014soa,
      author         = "F. del Aguila et al.",
      title          = "{Collider limits on leptophilic interactions}",
      journal        = "JHEP",
      volume         = "03",
      year           = "2015",
      pages          = "059",
      doi            = "10.1007/JHEP03(2015)059",
      eprint         = "1411.7394",
      archivePrefix  = "arXiv",
      primaryClass   = "hep-ph",
      reportNumber   = "CAFPE-183-14, UG-FT-313-14, CERN-PH-TH-2014-237,
                        DESY-14-228",
      SLACcitation   = "%%CITATION = ARXIV:1411.7394;%%"
}

@article{Beneke:2014sba,
      author         = "M. Beneke, D. Boito and Y-M.Wang,",
      title          = "{Anomalous Higgs couplings in angular asymmetries of $H
                        \to Z\ell^{+} \ell^{-}$ and e$^{+}$ e$^{-} \to HZ$}",
      journal        = "JHEP",
      volume         = "11",
      year           = "2014",
      pages          = "028",
      doi            = "10.1007/JHEP11(2014)028",
      eprint         = "1406.1361",
      archivePrefix  = "arXiv",
      primaryClass   = "hep-ph",
      reportNumber   = "TUM-HEP-849-14, TTK-14-11, SFB-CPP-14-28, TUM-HEP-949-14",
      SLACcitation   = "%%CITATION = ARXIV:1406.1361;%%"
}

@article{Franceschini:2017xkh,
      author         = "R. Franceschini et al.",
      title          = "{Electroweak Precision Tests in High-Energy Diboson
                        Processes}",
      journal        = "JHEP",
      volume         = "02",
      year           = "2018",
      pages          = "111",
      doi            = "10.1007/JHEP02(2018)111",
      eprint         = "1712.01310",
      archivePrefix  = "arXiv",
      primaryClass   = "hep-ph",
      reportNumber   = "CERN-TH-2017-252, RM3-TH-17-1",
      SLACcitation   = "%%CITATION = ARXIV:1712.01310;%%"
}

@article{Giudice:2007fh,
      author         = "G.F. Giudice et al.",
      title          = "{The Strongly-Interacting Light Higgs}",
      journal        = "JHEP",
      volume         = "06",
      year           = "2007",
      pages          = "045",
      doi            = "10.1088/1126-6708/2007/06/045",
      eprint         = "hep-ph/0703164",
      archivePrefix  = "arXiv",
      primaryClass   = "hep-ph",
      reportNumber   = "CERN-PH-TH-2007-47",
      SLACcitation   = "%%CITATION = HEP-PH/0703164;%%"
}

@article{Barbieri:2004qk,
      author         = "R. Barbieri et al.",
      title          = "{Electroweak symmetry breaking after LEP-1 and LEP-2}",
      journal        = "Nucl. Phys.",
      volume         = "B703",
      year           = "2004",
      pages          = "127-146",
      doi            = "10.1016/j.nuclphysb.2004.10.014",
      eprint         = "hep-ph/0405040",
      archivePrefix  = "arXiv",
      primaryClass   = "hep-ph",
      reportNumber   = "CERN-PH-TH-2004-075, IFUP-TH-2004-13, UAB-FT-565",
      SLACcitation   = "%%CITATION = HEP-PH/0405040;%%"
}

@article{Appelquist:2002mw,
      author         = "T. Appelquist, B.A. Dobrescu and A.R. Hopper",
      title          = "{Nonexotic Neutral Gauge Bosons}",
      journal        = "Phys. Rev.",
      volume         = "D68",
      year           = "2003",
      pages          = "035012",
      doi            = "10.1103/PhysRevD.68.035012",
      eprint         = "hep-ph/0212073",
      archivePrefix  = "arXiv",
      primaryClass   = "hep-ph",
      reportNumber   = "YCTP-11-02, FERMILAB-PUB-02-307-T",
      SLACcitation   = "%%CITATION = HEP-PH/0212073;%%"
}

@article{Salvioni:2009mt,
      author         = "E. Salvioni, G. Villadoro and F. Zwirner",
      title          = "{Minimal Z-prime models: Present bounds and early LHC
                        reach}",
      journal        = "JHEP",
      volume         = "11",
      year           = "2009",
      pages          = "068",
      doi            = "10.1088/1126-6708/2009/11/068",
      eprint         = "0909.1320",
      archivePrefix  = "arXiv",
      primaryClass   = "hep-ph",
      reportNumber   = "CERN-PH-TH-2009-160, DFPD-09-TH-17",
      SLACcitation   = "%%CITATION = ARXIV:0909.1320;%%"
}

@article{CidVidal:2018eel,
      author         = "X. Cid Vidal et al.",
      title          = "{Beyond the Standard Model Physics at the HL-LHC and
                        HE-LHC}",
      collaboration  = "Working Group 3",
      year           = "2018",
      eprint         = "1812.07831",
      archivePrefix  = "arXiv",
      primaryClass   = "hep-ph",
      reportNumber   = "CERN-LPCC-2018-05",
      SLACcitation   = "%%CITATION = ARXIV:1812.07831;%%"
}

@article{Jamin:2019mqx,
      author         = "C. Helsens et al.",
      title          = "{Heavy resonances at energy-frontier hadron colliders}",
      year           = "2019",
      eprint         = "1902.11217",
      archivePrefix  = "arXiv",
      primaryClass   = "hep-ph",
      reportNumber   = "CERN-TH-2019-020, SLAC-PUB-17408",
      SLACcitation   = "%%CITATION = ARXIV:1902.11217;%%"
}

@article{Panico:2015jxa,
      author         = "G. Panico and A. Wulzer",
      title          = "{The Composite Nambu-Goldstone Higgs}",
      journal        = "Lect. Notes Phys.",
      volume         = "913",
      year           = "2016",
      pages          = "pp.1-316",
      doi            = "10.1007/978-3-319-22617-0",
      eprint         = "1506.01961",
      archivePrefix  = "arXiv",
      primaryClass   = "hep-ph",
      reportNumber   = "DFPD-2015TH9",
      SLACcitation   = "%%CITATION = ARXIV:1506.01961;%%"
}

@article{Thamm:2015zwa,
      author         = "A. Thamm, R. Torre and A. Wulzer",
      title          = "{Future tests of Higgs compositeness: direct vs
                        indirect}",
      journal        = "JHEP",
      volume         = "07",
      year           = "2015",
      pages          = "100",
      doi            = "10.1007/JHEP07(2015)100",
      eprint         = "1502.01701",
      archivePrefix  = "arXiv",
      primaryClass   = "hep-ph",
      reportNumber   = "DFPD-2014-TH-03, MITP-14-109",
      SLACcitation   = "%%CITATION = ARXIV:1502.01701;%%"
}

@article{Golling:2016gvc,
      author         = "T. Golling et al.",
      title          = "{Physics at a 100 TeV pp collider: beyond the Standard
                        Model phenomena}",
      journal        = "CERN Yellow Rep.",
      year           = "2017",
      number         = "3",
      pages          = "441-634",
      doi            = "10.23731/CYRM-2017-003.441",
      eprint         = "1606.00947",
      archivePrefix  = "arXiv",
      primaryClass   = "hep-ph",
      reportNumber   = "CERN-TH-2016-111, FERMILAB-PUB-16-296-T",
      SLACcitation   = "%%CITATION = ARXIV:1606.00947;%%"
}

@techreport{Mangano:2651294,
      author        = "M. Mangano et al.",
      title         = "{Future Circular Collider}",
      institution   = "CERN",
      address       = "Geneva",
      number        = "CERN-ACC-2018-0056",
      month         = "Dec",
      year          = "2018",
      reportNumber  = "CERN-ACC-2018-0056",
      url           = "https://cds.cern.ch/record/2651294",
      note          = "Published in Eur. Phys. J. C.",
}

@article{Matsedonskyi:2015dns,
      author         = "O. Matsedonskyi, G. Panico and A. Wulzer,
                        Andrea",
      title          = "{Top Partners Searches and Composite Higgs Models}",
      journal        = "JHEP",
      volume         = "04",
      year           = "2016",
      pages          = "003",
      doi            = "10.1007/JHEP04(2016)003",
      eprint         = "1512.04356",
      archivePrefix  = "arXiv",
      primaryClass   = "hep-ph",
      reportNumber   = "DESY-15-243",
      SLACcitation   = "%%CITATION = ARXIV:1512.04356;%%"
}