@book{Mangano:2270978,
      author        = "Mangano, Michelangelo",
      title         = "{Physics at the FCC-hh, a 100 TeV pp collider}",
      publisher     = "CERN",
      address       = "Geneva",
      series        = "CERN Yellow Reports: Monographs",
      year          = "2017",
      url           = "https://cds.cern.ch/record/2270978",
}
@article{Ade:2015xua,
      author         = "Ade, P. A. R. and others",
      title          = "{Planck 2015 results. XIII. Cosmological parameters}",
      collaboration  = "Planck",
      journal        = "Astron. Astrophys.",
      volume         = "594",
      year           = "2016",
      pages          = "A13",
      doi            = "10.1051/0004-6361/201525830",
      eprint         = "1502.01589",
      archivePrefix  = "arXiv",
      primaryClass   = "astro-ph.CO",
      SLACcitation   = "%%CITATION = ARXIV:1502.01589;%%"
}

@article{Esteban:2018azc,
      author         = "Esteban, Ivan and Gonzalez-Garcia, M. C. and
                        Hernandez-Cabezudo, Alvaro and Maltoni, Michele and
                        Schwetz, Thomas",
      title          = "{Global analysis of three-flavour neutrino oscillations:
                        synergies and tensions in the determination of $\theta_{23},
                        \delta_{\rm CP}$, and the mass ordering}",
      journal        = "JHEP",
      volume         = "01",
      year           = "2019",
      pages          = "106",
      doi            = "10.1007/JHEP01(2019)106",
      eprint         = "1811.05487",
      archivePrefix  = "arXiv",
      primaryClass   = "hep-ph",
      reportNumber   = "IFT-UAM/CSIC-18-112, YITP-SB-18-34",
      SLACcitation   = "%%CITATION = ARXIV:1811.05487;%%"
}



@article{Capozzi:2018ubv,
      author         = "Capozzi, F. and Lisi, E. and Marrone, A. and Palazzo, A.",
      title          = "{Current unknowns in the three neutrino framework}",
      journal        = "Prog. Part. Nucl. Phys.",
      volume         = "102",
      year           = "2018",
      pages          = "48-72",
      doi            = "10.1016/j.ppnp.2018.05.005",
      eprint         = "1804.09678",
      archivePrefix  = "arXiv",
      primaryClass   = "hep-ph",
      SLACcitation   = "%%CITATION = ARXIV:1804.09678;%%"
}


@article{deSalas:2017kay,
      author         = "de Salas, P. F. and Forero, D. V. and Ternes, C. A. and
                        Tortola, M. and Valle, J. W. F.",
      title          = "{Status of neutrino oscillations 2018: 3$\sigma$ hint for
                        normal mass ordering and improved CP sensitivity}",
      journal        = "Phys. Lett.",
      volume         = "B782",
      year           = "2018",
      pages          = "633-640",
      doi            = "10.1016/j.physletb.2018.06.019",
      eprint         = "1708.01186",
      archivePrefix  = "arXiv",
      primaryClass   = "hep-ph",
      SLACcitation   = "%%CITATION = ARXIV:1708.01186;%%"
}

@article{lisi:2019EPSSU_Granada,
  author = "Lisi, E",
    title = "{talk at EPSSU open symposium, Granada, 2019}"
}

@article{Asaka:2005pn,
      author         = "Asaka, Takehiko and Shaposhnikov, Mikhail",
      title          = "{The nuMSM, dark matter and baryon asymmetry of the
                        universe}",
      journal        = "Phys. Lett.",
      volume         = "B620",
      year           = "2005",
      pages          = "17-26",
      doi            = "10.1016/j.physletb.2005.06.020",
      eprint         = "hep-ph/0505013",
      archivePrefix  = "arXiv",
      primaryClass   = "hep-ph",
      SLACcitation   = "%%CITATION = HEP-PH/0505013;%%"
}
@article{Pati:1974yy,
      author         = "Pati, Jogesh C. and Salam, Abdus",
      title          = "{Lepton Number as the Fourth Color}",
      journal        = "Phys. Rev.",
      volume         = "D10",
      year           = "1974",
      pages          = "275-289",
      doi            = "10.1103/PhysRevD.10.275, 10.1103/PhysRevD.11.703.2",
      note           = "[Erratum: Phys. Rev.D11,703(1975)]",
      reportNumber   = "IC-74-7",
      SLACcitation   = "%%CITATION = PHRVA,D10,275;%%"
}

@article{Mohapatra:1974gc,
      author         = "Mohapatra, R. N. and Pati, Jogesh C.",
      title          = "{A Natural Left-Right Symmetry}",
      journal        = "Phys. Rev.",
      volume         = "D11",
      year           = "1975",
      pages          = "2558",
      doi            = "10.1103/PhysRevD.11.2558",
      reportNumber   = "CCNY-HEP-74-2",
      SLACcitation   = "%%CITATION = PHRVA,D11,2558;%%"
}

@article{Senjanovic:1975rk,
      author         = "Senjanovic, G. and Mohapatra, Rabindra N.",
      title          = "{Exact Left-Right Symmetry and Spontaneous Violation of
                        Parity}",
      journal        = "Phys. Rev.",
      volume         = "D12",
      year           = "1975",
      pages          = "1502",
      doi            = "10.1103/PhysRevD.12.1502",
      reportNumber   = "CCNY-HEP-75-5",
      SLACcitation   = "%%CITATION = PHRVA,D12,1502;%%"
}
@article{LopezFogliani:2005yw,
      author         = "Lopez-Fogliani, D. E. and Munoz, C.",
      title          = "{Proposal for a Supersymmetric Standard Model}",
      journal        = "Phys. Rev. Lett.",
      volume         = "97",
      year           = "2006",
      pages          = "041801",
      doi            = "10.1103/PhysRevLett.97.041801",
      eprint         = "hep-ph/0508297",
      archivePrefix  = "arXiv",
      primaryClass   = "hep-ph",
      reportNumber   = "FTUAM-05-12, IFT-UAM-CSIC-05-33, KAIST-TH-2005-14",
      SLACcitation   = "%%CITATION = HEP-PH/0508297;%%"
}

@article{Akhmedov:1998qx,
      author         = "Akhmedov, Evgeny K. and Rubakov, V. A. and Smirnov, A.
                        {\relax Yu}.",
      title          = "{Baryogenesis via neutrino oscillations}",
      journal        = "Phys. Rev. Lett.",
      volume         = "81",
      year           = "1998",
      pages          = "1359-1362",
      doi            = "10.1103/PhysRevLett.81.1359",
      eprint         = "hep-ph/9803255",
      archivePrefix  = "arXiv",
      primaryClass   = "hep-ph",
      reportNumber   = "IC-98-22, INR-98-14-T",
      SLACcitation   = "%%CITATION = HEP-PH/9803255;%%"
}
@article{Kersten:2007vk,
      author         = "Kersten, JÃ¶rn and Smirnov, Alexei {\relax Yu}.",
      title          = "{Right-Handed Neutrinos at CERN LHC and the Mechanism of
                        Neutrino Mass Generation}",
      journal        = "Phys. Rev.",
      volume         = "D76",
      year           = "2007",
      pages          = "073005",
      doi            = "10.1103/PhysRevD.76.073005",
      eprint         = "0705.3221",
      archivePrefix  = "arXiv",
      primaryClass   = "hep-ph",
      SLACcitation   = "%%CITATION = ARXIV:0705.3221;%%"
}

@article{Sirunyan:2018mtv,
      author         = "Sirunyan, Albert M and others",
      title          = "{Search for heavy neutral leptons in events with three
                        charged leptons in proton-proton collisions at $\sqrt{s}
                        =$ 13 TeV}",
      collaboration  = "CMS",
      journal        = "Phys. Rev. Lett.",
      volume         = "120",
      year           = "2018",
      number         = "22",
      pages          = "221801",
      doi            = "10.1103/PhysRevLett.120.221801",
      eprint         = "1802.02965",
      archivePrefix  = "arXiv",
      primaryClass   = "hep-ex",
      reportNumber   = "CMS-EXO-17-012, CERN-EP-2018-006",
      SLACcitation   = "%%CITATION = ARXIV:1802.02965;%%"
}
@article{ATLAS:2012ak,
      author         = "Aad, Georges and others",
      title          = "{Search for heavy neutrinos and right-handed $W$ bosons
                        in events with two leptons and jets in $pp$ collisions at
                        $\sqrt{s}=7$ TeV with the ATLAS detector}",
      collaboration  = "ATLAS",
      journal        = "Eur. Phys. J.",
      volume         = "C72",
      year           = "2012",
      pages          = "2056",
      doi            = "10.1140/epjc/s10052-012-2056-4",
      eprint         = "1203.5420",
      archivePrefix  = "arXiv",
      primaryClass   = "hep-ex",
      reportNumber   = "CERN-PH-EP-2012-022",
      SLACcitation   = "%%CITATION = ARXIV:1203.5420;%%"
}
@article{Aaij:2014aba,
      author         = "Aaij, Roel and others",
      title          = "{Search for Majorana neutrinos in $B^- \to
                        \pi^+\mu^-\mu^-$ decays}",
      collaboration  = "LHCb",
      journal        = "Phys. Rev. Lett.",
      volume         = "112",
      year           = "2014",
      number         = "13",
      pages          = "131802",
      doi            = "10.1103/PhysRevLett.112.131802",
      eprint         = "1401.5361",
      archivePrefix  = "arXiv",
      primaryClass   = "hep-ex",
      reportNumber   = "CERN-PH-EP-2014-002, LHCB-PAPER-2013-064",
      SLACcitation   = "%%CITATION = ARXIV:1401.5361;%%"
}

@article{Blondel:2014bra,
      author         = "Blondel, Alain and Graverini, E. and Serra, N. and
                        Shaposhnikov, M.",
      title          = "{Search for Heavy Right Handed Neutrinos at the FCC-ee}",
      booktitle      = "{Proceedings, 37th International Conference on High
                        Energy Physics (ICHEP 2014): Valencia, Spain, July 2-9,
                        2014}",
      collaboration  = "FCC-ee study Team",
      journal        = "Nucl. Part. Phys. Proc.",
      volume         = "273-275",
      year           = "2016",
      pages          = "1883-1890",
      doi            = "10.1016/j.nuclphysbps.2015.09.304",
      eprint         = "1411.5230",
      archivePrefix  = "arXiv",
      primaryClass   = "hep-ex",
      SLACcitation   = "%%CITATION = ARXIV:1411.5230;%%"
}
@article{Drewes:2016jae,
      author         = "Drewes, Marco and Garbrecht, Bjorn and Gueter, Dario and
                        Klaric, Juraj",
      title          = "{Testing the low scale seesaw and leptogenesis}",
      journal        = "JHEP",
      volume         = "08",
      year           = "2017",
      pages          = "018",
      doi            = "10.1007/JHEP08(2017)018",
      eprint         = "1609.09069",
      archivePrefix  = "arXiv",
      primaryClass   = "hep-ph",
      reportNumber   = "TUM-HEP-1062-16",
      SLACcitation   = "%%CITATION = ARXIV:1609.09069;%%"
}
@article{Antusch:2017pkq,
      author         = "Antusch, Stefan and Cazzato, Eros and Drewes, Marco and
                        Fischer, Oliver and Garbrecht, Bjorn and Gueter, Dario and
                        Klaric, Juraj",
      title          = "{Probing Leptogenesis at Future Colliders}",
      journal        = "JHEP",
      volume         = "09",
      year           = "2018",
      pages          = "124",
      doi            = "10.1007/JHEP09(2018)124",
      eprint         = "1710.03744",
      archivePrefix  = "arXiv",
      primaryClass   = "hep-ph",
      reportNumber   = "TUM-1160/18, CP3-17-48",
      SLACcitation   = "%%CITATION = ARXIV:1710.03744;%%"
}
@article{Feng:2017uoz,
      author         = "Feng, Jonathan L. and Galon, Iftah and Kling, Felix and
                        Trojanowski, Sebastian",
      title          = "{ForwArd Search ExpeRiment at the LHC}",
      journal        = "Phys. Rev.",
      volume         = "D97",
      year           = "2018",
      number         = "3",
      pages          = "035001",
      doi            = "10.1103/PhysRevD.97.035001",
      eprint         = "1708.09389",
      archivePrefix  = "arXiv",
      primaryClass   = "hep-ph",
      reportNumber   = "UCI-TR-2017-08",
      SLACcitation   = "%%CITATION = ARXIV:1708.09389;%%"
}
@article{Curtin:2018mvb,
      author         = "Curtin, David and others",
      title          = "{Long-Lived Particles at the Energy Frontier: The
                        MATHUSLA Physics Case}",
      year           = "2018",
      eprint         = "1806.07396",
      archivePrefix  = "arXiv",
      primaryClass   = "hep-ph",
      reportNumber   = "FERMILAB-PUB-18-264-T",
      SLACcitation   = "%%CITATION = ARXIV:1806.07396;%%"
}
@article{Gligorov:2017nwh,
      author         = "Gligorov, Vladimir V. and Knapen, Simon and Papucci,
                        Michele and Robinson, Dean J.",
      title          = "{Searching for Long-lived Particles: A Compact Detector
                        for Exotics at LHCb}",
      journal        = "Phys. Rev.",
      volume         = "D97",
      year           = "2018",
      number         = "1",
      pages          = "015023",
      doi            = "10.1103/PhysRevD.97.015023",
      eprint         = "1708.09395",
      archivePrefix  = "arXiv",
      primaryClass   = "hep-ph",
      SLACcitation   = "%%CITATION = ARXIV:1708.09395;%%"
}
@article{Anelli:2005ju,
      author         = "Anelli, G. and others",
      title          = "{Proposal to measure the rare decay K+ ---> pi+ nu
                        anti-nu at the CERN SPS}",
      year           = "2005",
      reportNumber   = "CERN-SPSC-2005-013, CERN-SPSC-P-326",
      SLACcitation   = "%%CITATION = CERN-SPSC-2005-013;%%"
}

@article{Anelli:2015pba,
      author         = "Anelli, M. and others",
      title          = "{A facility to Search for Hidden Particles (SHiP) at the
                        CERN SPS}",
      collaboration  = "SHiP",
      year           = "2015",
      eprint         = "1504.04956",
      archivePrefix  = "arXiv",
      primaryClass   = "physics.ins-det",
      reportNumber   = "CERN-SPSC-2015-016, SPSC-P-350",
      SLACcitation   = "%%CITATION = ARXIV:1504.04956;%%"
}


@article{SHiP:2018yqc,
      author         = "Ahdida, C. and others",
      title          = "{The experimental facility for the Search for Hidden
                        Particles at the CERN SPS}",
      collaboration  = "SHiP",
      journal        = "JINST",
      volume         = "14",
      year           = "2019",
      number         = "03",
      pages          = "P03025",
      doi            = "10.1088/1748-0221/14/03/P03025",
      eprint         = "1810.06880",
      archivePrefix  = "arXiv",
      primaryClass   = "physics.ins-det",
      SLACcitation   = "%%CITATION = ARXIV:1810.06880;%%"
}

@article{Beacham:2019nyx,
      author         = "Beacham, J. and others",
      title          = "{Physics Beyond Colliders at CERN: Beyond the Standard
                        Model Working Group Report}",
      year           = "2019",
      eprint         = "1901.09966",
      archivePrefix  = "arXiv",
      primaryClass   = "hep-ex",
      reportNumber   = "CERN-PBC-REPORT-2018-007",
      SLACcitation   = "%%CITATION = ARXIV:1901.09966;%%"
}

@article{Aghanim:2018eyx,
      author         = "Aghanim, N. and others",
      title          = "{Planck 2018 results. VI. Cosmological parameters}",
      collaboration  = "Planck",
      year           = "2018",
      eprint         = "1807.06209",
      archivePrefix  = "arXiv",
      primaryClass   = "astro-ph.CO",
      SLACcitation   = "%%CITATION = ARXIV:1807.06209;%%"
}

@article{Laureijs:2011gra,
      author         = "Laureijs, R. and others",
      title          = "{Euclid Definition Study Report}",
      collaboration  = "EUCLID",
      year           = "2011",
      eprint         = "1110.3193",
      archivePrefix  = "arXiv",
      primaryClass   = "astro-ph.CO",
      reportNumber   = "ESA-SRE(2011)12",
      SLACcitation   = "%%CITATION = ARXIV:1110.3193;%%"
}

@article{Boyle:2017lzt,
      author         = "Boyle, Aoife and Komatsu, Eiichiro",
      title          = "{Deconstructing the neutrino mass constraint from galaxy
                        redshift surveys}",
      journal        = "JCAP",
      volume         = "1803",
      year           = "2018",
      pages          = "035",
      doi            = "10.1088/1475-7516/2018/03/035",
      eprint         = "1712.01857",
      archivePrefix  = "arXiv",
      primaryClass   = "astro-ph.CO",
      SLACcitation   = "%%CITATION = ARXIV:1712.01857;%%"
}

@article{Boyle:2018rva,
      author         = "Boyle, Aoife",
      title          = "{Understanding the neutrino mass constraints achievable
                        by combining CMB lensing and spectroscopic galaxy
                        surveys}",
      journal        = "JCAP",
      volume         = "1904",
      year           = "2019",
      number         = "04",
      pages          = "038",
      doi            = "10.1088/1475-7516/2019/04/038",
      eprint         = "1811.07636",
      archivePrefix  = "arXiv",
      primaryClass   = "astro-ph.CO",
      SLACcitation   = "%%CITATION = ARXIV:1811.07636;%%"
}

@article{KamLAND-Zen:2016pfg,
      author         = "Gando, A. and others",
      title          = "{Search for Majorana Neutrinos near the Inverted Mass
                        Hierarchy Region with KamLAND-Zen}",
      collaboration  = "KamLAND-Zen",
      journal        = "Phys. Rev. Lett.",
      volume         = "117",
      year           = "2016",
      number         = "8",
      pages          = "082503",
      doi            = "10.1103/PhysRevLett.117.109903,
                        10.1103/PhysRevLett.117.082503",
      note           = "[Addendum: Phys. Rev. Lett.117,no.10,109903(2016)]",
      eprint         = "1605.02889",
      archivePrefix  = "arXiv",
      primaryClass   = "hep-ex",
      SLACcitation   = "%%CITATION = ARXIV:1605.02889;%%"
}

@article{Agostini:2018tnm,
      author         = "Agostini, M. and others",
      title          = "{Improved Limit on Neutrinoless Double-$\beta$ Decay of
                        $^{76}$Ge from GERDA Phase II}",
      collaboration  = "GERDA",
      journal        = "Phys. Rev. Lett.",
      volume         = "120",
      year           = "2018",
      number         = "13",
      pages          = "132503",
      doi            = "10.1103/PhysRevLett.120.132503",
      eprint         = "1803.11100",
      archivePrefix  = "arXiv",
      primaryClass   = "nucl-ex",
      SLACcitation   = "%%CITATION = ARXIV:1803.11100;%%"
}

@misc{zsigmond, 
title={New results from GERDA Phase II}, 
DOI={10.5281/zenodo.1287604}, 
abstractNote={The observation of neutrinoless double beta (0Î½Î²Î²) decay would establish both the violation of lepton number conservation and the Majorana nature of the neutrino, as well as constrain the neutrinomass hierarchy and scale. GERDA reached an important milestone in the search for 0Î½Î²Î² decay with â·â¶Ge by achieving a half-life sensitivity of 10Â²â¶ years. This is made possible by the background-free conditions in GERDA and by a factor of two increase in exposure since the last data release in 2017. New results will be presented together with the details of background reduction techniques.}, 
publisher={Zenodo}, 
author={Zsigmond, Anna Julia}, 
year={2018}, 
month={Jun}}

@inproceedings{DAndrea:2019umy,
      author         = "D'Andrea, V.",
      title          = "{Neutrinoless Double Beta Decay Search with $^{76}$Ge:
                        Status and Prospect with LEGEND}",
      booktitle      = "{54th Rencontres de Moriond on Electroweak Interactions
                        and Unified Theories (Moriond EW 2019) La Thuile, Italy,
                        March 16-23, 2019}",
      collaboration  = "LEGEND",
      year           = "2019",
      eprint         = "1905.06572",
      archivePrefix  = "arXiv",
      primaryClass   = "hep-ex",
      SLACcitation   = "%%CITATION = ARXIV:1905.06572;%%"
}

@article{Aalseth:2017btx,
      author         = "Aalseth, C. E. and others",
      title          = "{Search for Neutrinoless Double-$\beta$ Decay in $^{76}$Ge
                        with the Majorana Demonstrator}",
      collaboration  = "Majorana",
      journal        = "Phys. Rev. Lett.",
      volume         = "120",
      year           = "2018",
      number         = "13",
      pages          = "132502",
      doi            = "10.1103/PhysRevLett.120.132502",
      eprint         = "1710.11608",
      archivePrefix  = "arXiv",
      primaryClass   = "nucl-ex",
      SLACcitation   = "%%CITATION = ARXIV:1710.11608;%%"
}

@article{Alvis:2019sil,
      author         = "Alvis, S. I. and others",
      title          = "{A Search for Neutrinoless Double-Beta Decay in $^{76}$Ge
                        with 26 kg-yr of Exposure from the MAJORANA DEMONSTRATOR}",
      collaboration  = "Majorana",
      year           = "2019",
      eprint         = "1902.02299",
      archivePrefix  = "arXiv",
      primaryClass   = "nucl-ex",
      SLACcitation   = "%%CITATION = ARXIV:1902.02299;%%"
}

@article{Albert:2017owj,
      author         = "Albert, J. B. and others",
      title          = "{Search for Neutrinoless Double-Beta Decay with the
                        Upgraded EXO-200 Detector}",
      collaboration  = "EXO",
      journal        = "Phys. Rev. Lett.",
      volume         = "120",
      year           = "2018",
      number         = "7",
      pages          = "072701",
      doi            = "10.1103/PhysRevLett.120.072701",
      eprint         = "1707.08707",
      archivePrefix  = "arXiv",
      primaryClass   = "hep-ex",
      SLACcitation   = "%%CITATION = ARXIV:1707.08707;%%"
}

@article{Albert:2017hjq,
      author         = "Albert, J. B. and others",
      title          = "{Sensitivity and Discovery Potential of nEXO to
                        Neutrinoless Double Beta Decay}",
      collaboration  = "nEXO",
      journal        = "Phys. Rev.",
      volume         = "C97",
      year           = "2018",
      number         = "6",
      pages          = "065503",
      doi            = "10.1103/PhysRevC.97.065503",
      eprint         = "1710.05075",
      archivePrefix  = "arXiv",
      primaryClass   = "nucl-ex",
      reportNumber   = "LLNL-JRNL-737682",
      SLACcitation   = "%%CITATION = ARXIV:1710.05075;%%"
}

@article{Alvarez:2011my,
      author         = "Alvarez, V. and others",
      title          = "{The NEXT-100 experiment for neutrinoless double beta
                        decay searches (Conceptual Design Report)}",
      collaboration  = "NEXT",
      year           = "2011",
      eprint         = "1106.3630",
      archivePrefix  = "arXiv",
      primaryClass   = "physics.ins-det",
      SLACcitation   = "%%CITATION = ARXIV:1106.3630;%%"
}

@article{Aalbers:2016jon,
      author         = "Aalbers, J. and others",
      title          = "{DARWIN: towards the ultimate dark matter detector}",
      collaboration  = "DARWIN",
      journal        = "JCAP",
      volume         = "1611",
      year           = "2016",
      pages          = "017",
      doi            = "10.1088/1475-7516/2016/11/017",
      eprint         = "1606.07001",
      archivePrefix  = "arXiv",
      primaryClass   = "astro-ph.IM",
      SLACcitation   = "%%CITATION = ARXIV:1606.07001;%%"
}

@article{Artusa:2016mat,
      author         = "Artusa, D. R. and others",
      title          = "{Enriched TeO$_2$ bolometers with active particle
                        discrimination: towards the CUPID experiment}",
      journal        = "Phys. Lett.",
      volume         = "B767",
      year           = "2017",
      pages          = "321-329",
      doi            = "10.1016/j.physletb.2017.02.011",
      eprint         = "1610.03513",
      archivePrefix  = "arXiv",
      primaryClass   = "physics.ins-det",
      SLACcitation   = "%%CITATION = ARXIV:1610.03513;%%"
}

@article{Azzolini:2018dyb,
      author         = "Azzolini, O. and others",
      title          = "{First Result on the Neutrinoless Double-$\beta$ Decay of
                        $^{82}Se$ with CUPID-0}",
      collaboration  = "CUPID-0",
      journal        = "Phys. Rev. Lett.",
      volume         = "120",
      year           = "2018",
      number         = "23",
      pages          = "232502",
      doi            = "10.1103/PhysRevLett.120.232502",
      eprint         = "1802.07791",
      archivePrefix  = "arXiv",
      primaryClass   = "nucl-ex",
      SLACcitation   = "%%CITATION = ARXIV:1802.07791;%%"
}

@article{Bekker:2014tfa,
      author         = "Bekker, T. B. and others",
      title          = "{Above-ground test of an advanced Li$_2$MoO$_4$
                        scintillating bolometer to search for neutrinoless double
                        beta decay of $^{100}$Mo}",
      journal        = "Astropart. Phys.",
      volume         = "72",
      year           = "2016",
      pages          = "38-45",
      doi            = "10.1016/j.astropartphys.2015.06.002",
      eprint         = "1410.6933",
      archivePrefix  = "arXiv",
      primaryClass   = "physics.ins-det",
      SLACcitation   = "%%CITATION = ARXIV:1410.6933;%%"
}

@article{Azzolini:2018tum,
      author         = "Azzolini, O. and others",
      title          = "{CUPID-0: the first array of enriched scintillating
                        bolometers for $0\nu\beta\beta$ decay investigations}",
      collaboration  = "CUPID",
      journal        = "Eur. Phys. J.",
      volume         = "C78",
      year           = "2018",
      number         = "5",
      pages          = "428",
      doi            = "10.1140/epjc/s10052-018-5896-8",
      eprint         = "1802.06562",
      archivePrefix  = "arXiv",
      primaryClass   = "physics.ins-det",
      SLACcitation   = "%%CITATION = ARXIV:1802.06562;%%"
}

@article{Alduino:2017ehq,
      author         = "Alduino, C. and others",
      title          = "{First Results from CUORE: A Search for Lepton Number
                        Violation via $0\nu\beta\beta$ Decay of $^{130}$Te}",
      collaboration  = "CUORE",
      journal        = "Phys. Rev. Lett.",
      volume         = "120",
      year           = "2018",
      number         = "13",
      pages          = "132501",
      doi            = "10.1103/PhysRevLett.120.132501",
      eprint         = "1710.07988",
      archivePrefix  = "arXiv",
      primaryClass   = "nucl-ex",
      SLACcitation   = "%%CITATION = ARXIV:1710.07988;%%"
}

@article{Boser:2019rta,
      author         = "Boeser, Sebastian and Buck, Christian and Giunti, Carlo
                        and Lesgourgues, Julien and Ludhova, Livia and Mertens,
                        Susanne and Schukraft, Anne and Wurm, Michael",
      title          = "{Status of Light Sterile Neutrino Searches}",
      year           = "2019",
      eprint         = "1906.01739",
      archivePrefix  = "arXiv",
      primaryClass   = "hep-ex",
      SLACcitation   = "%%CITATION = ARXIV:1906.01739;%%"
}

@article{Mer:2015a,
	Author = {Mertens, S. and Lasserre, T. and Groh, S. and others},
	Date-Added = {2018-01-09 14:33:04 +0000},
	Date-Modified = {2018-01-09 14:33:04 +0000},
	Doi = {10.1088/1475-7516/2015/02/020},
	Journal = {J. Cosmol. Astropart. Phys.},
	Number = {02},
	Pages = {020},
	Title = {Sensitivity of next-generation tritium beta-decay experiments for keV-scale sterile neutrinos},
	Volume = {2015},
	Year = {2015},
	Bdsk-Url-1 = {http://dx.doi.org/10.1088/1475-7516/2015/02/020}}

@article{Angrik:2005ep,
	Author = {Angrik, J. and others},
	Collaboration = {KATRIN Collaboration},
	Date-Added = {2018-01-09 14:33:04 +0000},
	Date-Modified = {2018-01-09 14:33:04 +0000},
	Reportnumber = {FZKA-7090},
	Slaccitation = {%%CITATION = FZKA-7090;%%},
	Title = {KATRIN design report 2004},
	Year = {2005},
    Url={https://publikationen.bibliothek.kit.edu/270060419/3814644}}
    
@article{Drex13,
	Archiveprefix = {arXiv},
	Author = {G. Drexlin and V. Hannen and S. Mertens and C. Weinheimer},
	Date-Added = {2018-01-09 14:33:04 +0000},
	Date-Modified = {2018-01-09 14:33:04 +0000},
	Eprint = {1307.0101},
	Journal = {Adv. High Energy Phys.},
	Number = {293986},
	Pages = {36pp},
	Title = {Current direct neutrino mass experiments},
	Volume = {2013},
	Year = {2013}}

@article{Otten:2008zz,
      author         = "Otten, E. W. and Weinheimer, C.",
      title          = "{Neutrino mass limit from tritium beta decay}",
      journal        = "Rept. Prog. Phys.",
      volume         = "71",
      year           = "2008",
      pages          = "086201",
      doi            = "10.1088/0034-4885/71/8/086201",
      eprint         = "0909.2104",
      archivePrefix  = "arXiv",
      primaryClass   = "hep-ex",
      SLACcitation   = "%%CITATION = ARXIV:0909.2104;%%"
}

@article{Lobashev:1985mu,
      author         = "Lobashev, V. M. and Spivak, P. E.",
      title          = "{A METHOD FOR MEASURING THE ANTI-ELECTRON-NEUTRINO REST
                        MASS}",
      journal        = "Nucl. Instrum. Meth.",
      volume         = "A240",
      year           = "1985",
      pages          = "305-310",
      doi            = "10.1016/0168-9002(85)90640-0",
      SLACcitation   = "%%CITATION = NUIMA,A240,305;%%"
}

@article{PICARD1992345,
title = "A solenoid retarding spectrometer with high resolution and transmission for keV electrons",
journal = "Nuclear Instruments and Methods in Physics Research Section B: Beam Interactions with Materials and Atoms",
volume = "63",
number = "3",
pages = "345 - 358",
year = "1992",
issn = "0168-583X",
doi = "https://doi.org/10.1016/0168-583X(92)95119-C",
url = "http://www.sciencedirect.com/science/article/pii/0168583X9295119C",
author = "A. Picard and H. Backe and H. Barth and J. Bonn and B. Degen and Th. Edling and R. Haid and A. Hermanni and P. Leiderer and Th. Loeken and A. Molz and R.B. Moore and A. Osipowicz and E.W. Otten and M. Przyrembel and M. Schrader and M. Steininger and Ch. Weinheimer",
abstract = "We have built an electrostatic electron spectrometer combining both high resolution and large luminosity. The instrument consists essentially of two superconducting solenoids separated by a system of ring electrodes of 4 m in length. Source and detector are placed in the high-field regions of the superconducting solenoids, whereas the repellent analyzing electrostatic potential of the ring electrodes peaks at the minimum of the magnetic field in between these solenoids. The magnetic guiding field provides (i) the acceptance of the full foreward solid angle of 2Ï, (ii) the transformation of the transverse cyclotron motion into longitudinal motion parallel to the magnetic field. The energy resolution of the electrostatic filter is determined by the ratio of the magnetic fields at the source and in the analyzing plane. It is typically 5 Ã 103 in our case. The spectrometer will serve first of all to investigate the limits of the rest mass of the electron antineutrino from 3H2Ã-decay. It has been tested by measuring conversion lines from a 83mKr source which yielded an energy of EÎ³ = 32151.5(11) eV for the corresponding nuclear transition."
}

@article{Ranitzsch:2017fxi,
      author         = "Ranitzsch, P. C. -O. and Hassel, C. and Wegner, M. and
                        Hengstler, D. and Kempf, S. and Fleischmann, A. and Enss,
                        C. and Gastaldo, L. and Herlert, A. and Johnston, K.",
      title          = "{Characterization of the Ho163 Electron Capture Spectrum:
                        A Step Towards the Electron Neutrino Mass Determination}",
      journal        = "Phys. Rev. Lett.",
      volume         = "119",
      year           = "2017",
      number         = "12",
      pages          = "122501",
      doi            = "10.1103/PhysRevLett.119.122501",
      SLACcitation   = "%%CITATION = PRLTA,119,122501;%%"
}

@article{Gastaldo:2017edk,
      author         = "Gastaldo, L. and others",
      title          = "{The electron capture in $^{163}$Ho experiment - ECHo}",
      journal        = "Eur. Phys. J. ST",
      volume         = "226",
      year           = "2017",
      number         = "8",
      pages          = "1623-1694",
      doi            = "10.1140/epjst/e2017-70071-y",
      SLACcitation   = "%%CITATION = 00619,226,1623;%%"
}

@article{Giachero:2016xnn,
      author         = "Giachero, A. and others",
      title          = "{Measuring the electron neutrino mass with improved
                        sensitivity: the HOLMES experiment}",
      booktitle      = "{Proceedings, 14th Topical Seminar on Innovative Particle
                        and Radiation Detectors (IPRD16): Siena, Italy, October
                        3-6, 2016}",
      collaboration  = "HOLMES",
      journal        = "JINST",
      volume         = "12",
      year           = "2017",
      number         = "02",
      pages          = "C02046",
      doi            = "10.1088/1748-0221/12/02/C02046",
      eprint         = "1612.03947",
      archivePrefix  = "arXiv",
      primaryClass   = "physics.ins-det",
      SLACcitation   = "%%CITATION = ARXIV:1612.03947;%%"
}

@article{Asner:2014cwa,
      author         = "Asner, D. M. and others",
      title          = "{Single electron detection and spectroscopy via
                        relativistic cyclotron radiation}",
      collaboration  = "Project 8",
      journal        = "Phys. Rev. Lett.",
      volume         = "114",
      year           = "2015",
      number         = "16",
      pages          = "162501",
      doi            = "10.1103/PhysRevLett.114.162501",
      eprint         = "1408.5362",
      archivePrefix  = "arXiv",
      primaryClass   = "physics.ins-det",
      SLACcitation   = "%%CITATION = ARXIV:1408.5362;%%"
}

@article{Esfahani:2017dmu,
      author         = "Ashtari Esfahani, Ali and others",
      title          = "{Determining the neutrino mass with cyclotron radiation
                        emission spectroscopy-Project 8}",
      collaboration  = "Project 8",
      journal        = "J. Phys.",
      volume         = "G44",
      year           = "2017",
      number         = "5",
      pages          = "054004",
      doi            = "10.1088/1361-6471/aa5b4f",
      eprint         = "1703.02037",
      archivePrefix  = "arXiv",
      primaryClass   = "physics.ins-det",
      SLACcitation   = "%%CITATION = ARXIV:1703.02037;%%"
}

@article{Agostini:2017jim,
      author         = "Agostini, Matteo and Benato, Giovanni and Detwiler,
                        Jason",
      title          = "{Discovery probability of next-generation neutrinoless
                        double- Î² decay experiments}",
      journal        = "Phys. Rev.",
      volume         = "D96",
      year           = "2017",
      number         = "5",
      pages          = "053001",
      doi            = "10.1103/PhysRevD.96.053001",
      eprint         = "1705.02996",
      archivePrefix  = "arXiv",
      primaryClass   = "hep-ex",
      SLACcitation   = "%%CITATION = ARXIV:1705.02996;%%"
}

@article{Caldwell:2017mqu,
      author         = "Caldwell, Allen and Merle, Alexander and Schulz, Oliver
                        and Totzauer, Maximilian",
      title          = "{Global Bayesian analysis of neutrino mass data}",
      journal        = "Phys. Rev.",
      volume         = "D96",
      year           = "2017",
      number         = "7",
      pages          = "073001",
      doi            = "10.1103/PhysRevD.96.073001",
      eprint         = "1705.01945",
      archivePrefix  = "arXiv",
      primaryClass   = "hep-ph",
      reportNumber   = "MPP-2017-79",
      SLACcitation   = "%%CITATION = ARXIV:1705.01945;%%"
}

@article{Acciarri:2015uup,
      author         = "Acciarri, R. and others",
      title          = "{Long-Baseline Neutrino Facility (LBNF) and Deep
                        Underground Neutrino Experiment (DUNE)}",
      collaboration  = "DUNE",
      year           = "2015",
      eprint         = "1512.06148",
      archivePrefix  = "arXiv",
      primaryClass   = "physics.ins-det",
      reportNumber   = "FERMILAB-DESIGN-2016-02",
      SLACcitation   = "%%CITATION = ARXIV:1512.06148;%%"
}

@article{Abe:2016ero,
      author         = "Abe, K. and others",
      title          = "{Physics potentials with the second Hyper-Kamiokande
                        detector in Korea}",
      collaboration  = "Hyper-Kamiokande",
      journal        = "PTEP",
      volume         = "2018",
      year           = "2018",
      number         = "6",
      pages          = "063C01",
      doi            = "10.1093/ptep/pty044",
      eprint         = "1611.06118",
      archivePrefix  = "arXiv",
      primaryClass   = "hep-ex",
      SLACcitation   = "%%CITATION = ARXIV:1611.06118;%%"
}
@article{Abe:2016tez,
      author         = "Abe, Ko and others",
      title          = "{Sensitivity of the T2K accelerator-based neutrino
                        experiment with an Extended run to $20\times10^{21}$ POT}",
      collaboration  = "T2K",
      year           = "2016",
      eprint         = "1607.08004",
      archivePrefix  = "arXiv",
      primaryClass   = "hep-ex",
      SLACcitation   = "%%CITATION = ARXIV:1607.08004;%%"
}

@article{Giganti:2017fhf,
      author         = "Giganti, Claudio and Lavignac, StÃ©phane and Zito, Marco",
      title          = "{Neutrino oscillations: the rise of the PMNS paradigm}",
      journal        = "Prog. Part. Nucl. Phys.",
      volume         = "98",
      year           = "2018",
      pages          = "1-54",
      doi            = "10.1016/j.ppnp.2017.10.001",
      eprint         = "1710.00715",
      archivePrefix  = "arXiv",
      primaryClass   = "hep-ex",
      SLACcitation   = "%%CITATION = ARXIV:1710.00715;%%"
}
@article{Patterson:2015xja,
      author         = "Patterson, R. B.",
      title          = "{Prospects for Measurement of the Neutrino Mass
                        Hierarchy}",
      journal        = "Ann. Rev. Nucl. Part. Sci.",
      volume         = "65",
      year           = "2015",
      pages          = "177-192",
      doi            = "10.1146/annurev-nucl-102014-021916",
      eprint         = "1506.07917",
      archivePrefix  = "arXiv",
      primaryClass   = "hep-ex",
      SLACcitation   = "%%CITATION = ARXIV:1506.07917;%%"
}
@article{Cao:2015ita,
      author         = "Cao, J. and others",
      title          = "{On the complementarity of Hyper-K and LBNF}",
      collaboration  = "ICFA Neutrino Panel",
      year           = "2015",
      eprint         = "1501.03918",
      archivePrefix  = "arXiv",
      primaryClass   = "physics.acc-ph",
      reportNumber   = "ICFA-NEUTRINO-PANEL-2014(02)",
      SLACcitation   = "%%CITATION = ARXIV:1501.03918;%%"
}

https://indico.cern.ch/event/765096/contributions/

@misc{Bordoni-esppu,
      author         = "Alvarez Ruso, L. and others",
      title          = "{Research and Development for Near Detector Systems Towards Long Term Evolution of Ultra-precise Long-baseline Neutrino Experiments}",
      year           = "2019",
      note   = "ESPPU Input 106",
      SLACcitation   = "%%CITATION = CERN-SPSC-2005-013;%%"
}


@misc{ekelof-esppu,
      author         = "Ekelof, T. and others",
      title          = "{The European Spallation Source neutrino Super Beam ESS$\nu$SB}",
      year           = "2019",
      note   = "ESPPU Input 98",
      SLACcitation   = "%%CITATION = CERN-SPSC-2005-013;%%"
}

@misc{soldner-esppu,
      author         = "Blucher, E. and others",
      title          = "{Deep Underground Neutrino Experiment (DUNE)}",
      year           = "2019",
      note   = "ESPPU Input 126",
      SLACcitation   = "%%CITATION = CERN-SPSC-2005-013;%%"
}

@misc{lodovico-esppu,
      author         = "Nakaya, T. and others",
      title          = "{Opportunities in Accelerator-based Neutrino Physics in Japan}",
      year           = "2019",
      note   = "ESPPU Input 158",
      SLACcitation   = "%%CITATION = CERN-SPSC-2005-013;%%"
}

@misc{na61-esppu,
      author         = " Gazdzicki, M. and others",
      title          = "{Proposal from the NA61/SHINE Collaboration for the update of the European Strategy for Particle Physics}",
      year           = "2019",
      note   = "ESPPU Input 13",
      SLACcitation   = "%%CITATION = CERN-SPSC-2005-013;%%"
}

@misc{enubet-esppu,
      author         = " Longhin, A. and others",
      title          = "{A high precision neutrino beam for a new generation of short baseline experiments}",
      year           = "2019",
      note   = "ESPPU Input 57",
      SLACcitation   = "%%CITATION = CERN-SPSC-2005-013;%%"
}

@misc{nustorm-esppu,
      author         = " Long, K. and others",
      title          = "{nuSTORM at CERN: Executive Summary}",
      year           = "2019",
      note   = "ESPPU Input 154",
      SLACcitation   = "%%CITATION = CERN-SPSC-2005-013;%%"
}

@misc{juno-esppu,
      author         = " Dracos, M. and others",
      title          = "{The JUNO Experiment}",
      year           = "2019",
      note   = "ESPPU Input 10",
      SLACcitation   = "%%CITATION = CERN-SPSC-2005-013;%%"
}

@misc{sblfnal-esppu,
      author         = "Rameika, G. and others",
      title          = "{The Short-Baseline Neutrino Program at Fermilab}",
      year           = "2019",
      note   = "ESPPU Input 137",
      SLACcitation   = "%%CITATION = CERN-SPSC-2005-013;%%"
}

@misc{fnal-esppu,
      author         = "Fava, A. and others",
      title          = "{Status of Fermilab's Neutrino Facilities}",
      year           = "2019",
      note   = "ESPPU Input 167",
      SLACcitation   = "%%CITATION = CERN-SPSC-2005-013;%%"
}

@misc{appec-esppu,
      author         = "Montaruli, T. and others",
      title          = "{APPEC Contribution to the European Particle Physics Strategy}",
      year           = "2019",
      note   = "ESPPU Input 84",
      SLACcitation   = "%%CITATION = CERN-SPSC-2005-013;%%"
}

@misc{petti-esppu,
      author         = "Bernardini, P. and others",
      title          = "{Enhancing the LBNF/DUNE Physics Program}",
      year           = "2019",
      note   = "ESPPU Input 131",
      SLACcitation   = "%%CITATION = CERN-SPSC-2005-013;%%"
}

@misc{pascoli,
      author         = "Pascoli, S.",
      title          = "{private communication}",
      year           = "2019",
      SLACcitation   = "%%CITATION = CERN-SPSC-2005-013;%%"
}


@misc{townmeeting-esppu,
      author         = "Blondel, A. and others",
      title          = "{Future Opportunities in Accelerator-based Neutrino Physics}",
      year           = "2019",
      note   = "ESPPU Input 45",
      SLACcitation   = "%%CITATION = CERN-SPSC-2005-013;%%"
}

@article{Liao:2016orc,
      author         = "Liao, Jiajun and Marfatia, Danny and Whisnant, Kerry",
      title          = "{Nonstandard neutrino interactions at DUNE, T2HK and
                        T2HKK}",
      journal        = "JHEP",
      volume         = "01",
      year           = "2017",
      pages          = "071",
      doi            = "10.1007/JHEP01(2017)071",
      eprint         = "1612.01443",
      archivePrefix  = "arXiv",
      primaryClass   = "hep-ph",
      SLACcitation   = "%%CITATION = ARXIV:1612.01443;%%"
}



@article{Ballett:2019bgd,
      author         = "Ballett, Peter and Boschi, Tommaso and Pascoli, Silvia",
      title          = "{Heavy Neutral Leptons from low-scale seesaws at the DUNE
                        Near Detector}",
      year           = "2019",
      eprint         = "1905.00284",
      archivePrefix  = "arXiv",
      primaryClass   = "hep-ph",
      reportNumber   = "IPPP/18/76",
      SLACcitation   = "%%CITATION = ARXIV:1905.00284;%%"
}

@article{White_paper:2019-07,
      author         = "",
      title          = "{White Paper on New Opportunities at the Next-Generation Neutrino 
                         Experiments}",
      year           = "2019",
      eprint         = "1907.08311",
      archivePrefix  = "arXiv",
      primaryClass   = "hep-ph",
      reportNumber   = " ",
      SLACcitation   = " "
}
@article{Abe:2019whr,
      author         = "Abe, K. and others",
      title          = "{T2K ND280 Upgrade - Technical Design Report}",
      collaboration  = "T2K",
      year           = "2019",
      eprint         = "1901.03750",
      archivePrefix  = "arXiv",
      primaryClass   = "physics.ins-det",
      reportNumber   = "CERN-SPSC-2019-001 (SPSC-TDR-006)",
      SLACcitation   = "%%CITATION = ARXIV:1901.03750;%%"
}

@article{Alvarez-Ruso:2017oui,
      author         = "Alvarez-Ruso, L. and others",
      title          = "{NuSTEC White Paper: Status and challenges of
                        neutrino-nucleus scattering}",
      journal        = "Prog. Part. Nucl. Phys.",
      volume         = "100",
      year           = "2018",
      pages          = "1-68",
      doi            = "10.1016/j.ppnp.2018.01.006",
      eprint         = "1706.03621",
      archivePrefix  = "arXiv",
      primaryClass   = "hep-ph",
      reportNumber   = "FERMILAB-PUB-17-195-ND-T, INT-PUB-17-020",
      SLACcitation   = "%%CITATION = ARXIV:1706.03621;%%"
}

@article{Miura:2016krn,
      author         = "Abe, K. and others",
      title          = "{Search for proton decay via $p \to e^+\pi^0$ and $p \to
                        \mu^+\pi^0$ in 0.31  megaton years exposure of the
                        Super-Kamiokande water Cherenkov detector}",
      collaboration  = "Super-Kamiokande",
      journal        = "Phys. Rev.",
      volume         = "D95",
      year           = "2017",
      number         = "1",
      pages          = "012004",
      doi            = "10.1103/PhysRevD.95.012004",
      eprint         = "1610.03597",
      archivePrefix  = "arXiv",
      primaryClass   = "hep-ex",
      SLACcitation   = "%%CITATION = ARXIV:1610.03597;%%"
}
@article{Abe:2018uyc,
      author         = "Abe, K. and others",
      title          = "{Hyper-Kamiokande Design Report}",
      collaboration  = "Hyper-Kamiokande",
      year           = "2018",
      eprint         = "1805.04163",
      archivePrefix  = "arXiv",
      primaryClass   = "physics.ins-det",
      SLACcitation   = "%%CITATION = ARXIV:1805.04163;%%"
}
@article{Abi:2018dnh,
      author         = "Abi, B. and others",
      title          = "{The DUNE Far Detector Interim Design Report Volume 1:
                        Physics, Technology and Strategies}",
      collaboration  = "DUNE",
      year           = "2018",
      eprint         = "1807.10334",
      archivePrefix  = "arXiv",
      primaryClass   = "physics.ins-det",
      reportNumber   = "FERMILAB-DESIGN-2018-02",
      SLACcitation   = "%%CITATION = ARXIV:1807.10334;%%"
}

@article{Arguelles:2019xgp,
      author         = "Arguelles, C. A. and others",
      title          = "{White Paper on New Opportunities at the Next-Generation
                        Neutrino Experiments (Part 1: BSM Neutrino Physics and
                        Dark Matter)}",
      year           = "2019",
      eprint         = "1907.08311",
      archivePrefix  = "arXiv",
      primaryClass   = "hep-ph",
      SLACcitation   = "%%CITATION = ARXIV:1907.08311;%%"
}
@article{Bogomilov:2014koa,
      author         = "Bogomilov, M. and others",
      title          = "{Neutrino Factory}",
      journal        = "Phys. Rev. ST Accel. Beams",
      volume         = "17",
      year           = "2014",
      number         = "12",
      pages          = "121002",
      doi            = "10.1103/PhysRevSTAB.17.121002",
      reportNumber   = "FERMILAB-PUB-14-555-AD-APC",
      SLACcitation   = "%%CITATION = PRSTA,17,121002;%%"
}

@article{Abe:2019kgx,
      author         = "Abe, K. and others",
      title          = "{Search for heavy neutrinos with the T2K near detector
                        ND280}",
      collaboration  = "T2K",
      year           = "2019",
      eprint         = "1902.07598",
      archivePrefix  = "arXiv",
      primaryClass   = "hep-ex",
      SLACcitation   = "%%CITATION = ARXIV:1902.07598;%%"
}



