% -- include here the bibtex style bibliography items for your section

%Reviews of other models

@article{Hisano:2015rsa,
      author         = "Hisano, Junji and Ishiwata, Koji and Nagata, Natsumi",
      title          = "{QCD Effects on Direct Detection of Wino Dark Matter}",
      journal        = "JHEP",
      volume         = "06",
      year           = "2015",
      pages          = "097",
      doi            = "10.1007/JHEP06(2015)097",
      eprint         = "1504.00915",
      archivePrefix  = "arXiv",
      primaryClass   = "hep-ph",
      reportNumber   = "IPMU15-0038, KANAZAWA-15-02, FTPI-MINN-15-16",
      SLACcitation   = "%%CITATION = ARXIV:1504.00915;%%"
}

@article{Chen:2018uqz,
      author         = "Chen, Chien-Yi and Hill, Richard J. and Solon, Mikhail P.
                        and Wijangco, Alexander M.",
      title          = "{Power Corrections to the Universal Heavy WIMP-Nucleon
                        Cross Section}",
      journal        = "Phys. Lett.",
      volume         = "B781",
      year           = "2018",
      pages          = "473-479",
      doi            = "10.1016/j.physletb.2018.04.021",
      eprint         = "1801.08551",
      archivePrefix  = "arXiv",
      primaryClass   = "hep-ph",
      reportNumber   = "CAL-TH-2017-063, FERMILAB-PUB-17-400-T",
      SLACcitation   = "%%CITATION = ARXIV:1801.08551;%%"
}

@article{Boveia:2018yeb,
      author         = "A. Boveia and C. Doglioni",
      title          = "{Dark Matter Searches at Colliders}",
      journal        = "Ann. Rev. Nucl. Part. Sci.",
      volume         = "68",
      year           = "2018",
      pages          = "429-459",
      doi            = "10.1146/annurev-nucl-101917-021008",
      eprint         = "1810.12238",
      archivePrefix  = "arXiv",
      primaryClass   = "hep-ex",
      SLACcitation   = "%%CITATION = ARXIV:1810.12238;%%"
}

@article{Arcadi:2017kky,
      author         = "G. Arcadi et al.",
      title          = "{The Waning of the WIMP? A Review of Models, Searches,
                        and Constraints}",
      year           = "2017",
      eprint         = "1703.07364",
      archivePrefix  = "arXiv",
      primaryClass   = "hep-ph",
      SLACcitation   = "%%CITATION = ARXIV:1703.07364;%%"
}


%Higgs portals

%475 cites
@article{Patt:2006fw,
      author         = "B. Patt and F. Wilczek",
      title          = "{Higgs-field portal into hidden sectors}",
      year           = "2006",
      eprint         = "hep-ph/0605188",
      archivePrefix  = "arXiv",
      primaryClass   = "hep-ph",
      reportNumber   = "MIT-CTP-3745",
      SLACcitation   = "%%CITATION = HEP-PH/0605188;%%"
}

%168 cites
@article{Englert:2011yb,
      author         = "C. Englert et al.",
      title          = "{Exploring the Higgs portal}",
      journal        = "Phys. Lett.",
      volume         = "B703",
      year           = "2011",
      pages          = "298-305",
      doi            = "10.1016/j.physletb.2011.08.002",
      eprint         = "1106.3097",
      archivePrefix  = "arXiv",
      primaryClass   = "hep-ph",
      SLACcitation   = "%%CITATION = ARXIV:1106.3097;%%"
}

%310 cites
@article{Djouadi:2011aa,
      author         = "A. Djouadi et al.",
      title          = "{Implications of LHC searches for Higgs--portal dark
                        matter}",
      journal        = "Phys. Lett.",
      volume         = "B709",
      year           = "2012",
      pages          = "65-69",
      doi            = "10.1016/j.physletb.2012.01.062",
      eprint         = "1112.3299",
      archivePrefix  = "arXiv",
      primaryClass   = "hep-ph",
      reportNumber   = "DESY-11-240, LPT-ORSAY-11-117",
      SLACcitation   = "%%CITATION = ARXIV:1112.3299;%%"
}


%DMWG 
@article{Abercrombie:2015wmb,
      author         = "D. Abercrombie et al.",
      editor         = "A. Boveia et al.",
      title          = "{Dark Matter Benchmark Models for Early LHC Run-2
                        Searches: Report of the ATLAS/CMS Dark Matter Forum}",
      year           = "2015",
      eprint         = "1507.00966",
      archivePrefix  = "arXiv",
      primaryClass   = "hep-ex",
      reportNumber   = "FERMILAB-PUB-15-282-CD",
      SLACcitation   = "%%CITATION = ARXIV:1507.00966;%%"
}

@article{deBlas:2019rxi,
      author         = "J. de Blas et al.",
      title          = "{Higgs Boson Studies at Future Particle Colliders}",
      year           = "2019",
      eprint         = "1905.03764",
      archivePrefix  = "arXiv",
      primaryClass   = "hep-ph",
      SLACcitation   = "%%CITATION = ARXIV:1905.03764;%%"
}

@article{DiLuzio:2018jwd,
      author         = "L. Di Luzio, R. Gr√∂ber and G. Panico",
      title          = "{Probing new electroweak states via precision
                        measurements at the LHC and future colliders}",
      journal        = "JHEP",
      volume         = "01",
      year           = "2019",
      pages          = "011",
      doi            = "10.1007/JHEP01(2019)011",
      eprint         = "1810.10993",
      archivePrefix  = "arXiv",
      primaryClass   = "hep-ph",
      reportNumber   = "HU-EP-18/30, DESY 18-184, DESY-18-184",
      SLACcitation   = "%%CITATION = ARXIV:1810.10993;%%"
}

@article{Abada:2019lih,
      author         = "A. Abada et al.",
      title          = "{FCC Physics Opportunities}",
      collaboration  = "FCC",
      journal        = "Eur. Phys. J.",
      volume         = "C79",
      year           = "2019",
      number         = "6",
      pages          = "474",
      doi            = "10.1140/epjc/s10052-019-6904-3",
      reportNumber   = "CERN-ACC-2018-0056",
      SLACcitation   = "%%CITATION = EPHJA,C79,474;%%"
}

@article{CidVidal:2018eel,
      author         = "X. Cid Vidal et al.",
      title          = "{Beyond the Standard Model Physics at the HL-LHC and
                        HE-LHC}",
      collaboration  = "Working Group 3",
      year           = "2018",
      eprint         = "1812.07831",
      archivePrefix  = "arXiv",
      primaryClass   = "hep-ph",
      reportNumber   = "CERN-LPCC-2018-05",
      SLACcitation   = "%%CITATION = ARXIV:1812.07831;%%"
}

@article{Haisch:2018bby,
      author         = "U. Haisch G. Polesello",
      title          = "{Searching for production of dark matter in association
                        with top quarks at the LHC}",
      journal        = "JHEP",
      volume         = "02",
      year           = "2019",
      pages          = "029",
      doi            = "10.1007/JHEP02(2019)029",
      eprint         = "1812.00694",
      archivePrefix  = "arXiv",
      primaryClass   = "hep-ph",
      SLACcitation   = "%%CITATION = ARXIV:1812.00694;%%"
}

@article{Krall:2017xij,
      author         = "R. Krall and M. Reece",
      title          = "{Last Electroweak WIMP Standing: Pseudo-Dirac Higgsino
                        Status and Compact Stars as Future Probes}",
      journal        = "Chin. Phys.",
      volume         = "C42",
      year           = "2018",
      number         = "4",
      pages          = "043105",
      doi            = "10.1088/1674-1137/42/4/043105",
      eprint         = "1705.04843",
      archivePrefix  = "arXiv",
      primaryClass   = "hep-ph",
      SLACcitation   = "%%CITATION = ARXIV:1705.04843;%%"
}

@article{Hill:2014yxa,
      author         = "R. J. Hill and M. P. Solon",
      title          = "{Standard Model anatomy of WIMP dark matter direct
                        detection II: QCD analysis and hadronic matrix elements}",
      journal        = "Phys. Rev.",
      volume         = "D91",
      year           = "2015",
      pages          = "043505",
      doi            = "10.1103/PhysRevD.91.043505",
      eprint         = "1409.8290",
      archivePrefix  = "arXiv",
      primaryClass   = "hep-ph",
      reportNumber   = "EFI-PREPRINT-14-25",
      SLACcitation   = "%%CITATION = ARXIV:1409.8290;%%"
}

@phdthesis{Habermehl:2018yul,
      author         = "M. Habermehl",
      title          = "{Dark Matter at the International Linear Collider}",
      school         = "DESY",
      year           = "2018",
      address        = "Hamburg",
      doi            = "10.3204/PUBDB-2018-05723",
      reportNumber   = "DESY-THESIS-2018-039",
      SLACcitation   = "%%CITATION = DESY-THESIS-2018-039;%%"
}

@article{Blanco:2019hah,
      author         = "C. Blanco et al.",
      title          = "{$Z'$ Mediated WIMPs: Dead, Dying, or Soon to be
                        Detected?}",
      year           = "2019",
      eprint         = "1907.05893",
      archivePrefix  = "arXiv",
      primaryClass   = "hep-ph",
      SLACcitation   = "%%CITATION = ARXIV:1907.05893;%%"
}
@ARTICLE{2018arXiv180208640A,
       author = {J. Albrecht et al.},
        title = "{HEP Community White Paper on Software trigger and event reconstruction: Executive Summary}",
      journal = {arXiv e-prints},
     keywords = {Physics - Computational Physics},
         year = "2018",
        month = "Feb",
          eid = {arXiv:1802.08640},
        pages = {arXiv:1802.08640},
archivePrefix = {arXiv},
       eprint = {1802.08640},
 primaryClass = {physics.comp-ph},
       adsurl = {https://ui.adsabs.harvard.edu/abs/2018arXiv180208640A},
      adsnote = {Provided by the SAO/NASA Astrophysics Data System}
}

@article{Golling:2016gvc,
      author         = "T. Golling et al.",
      title          = "{Physics at a 100 TeV pp collider: beyond the Standard
                        Model phenomena}",
      journal        = "CERN Yellow Rep.",
      year           = "2017",
      number         = "3",
      pages          = "441-634",
      doi            = "10.23731/CYRM-2017-003.441",
      eprint         = "1606.00947",
      archivePrefix  = "arXiv",
      primaryClass   = "hep-ph",
      reportNumber   = "CERN-TH-2016-111, FERMILAB-PUB-16-296-T",
      SLACcitation   = "%%CITATION = ARXIV:1606.00947;%%"
}

@article{Harris:2015kda,
      author         = "P. Harris et al.",
      title          = "{Closing up on Dark Sectors at Colliders: from 14 to 100
                        TeV}",
      journal        = "Phys. Rev.",
      volume         = "D93",
      year           = "2016",
      number         = "5",
      pages          = "054030",
      doi            = "10.1103/PhysRevD.93.054030",
      eprint         = "1509.02904",
      archivePrefix  = "arXiv",
      primaryClass   = "hep-ph",
      reportNumber   = "IPPP-15-20, DCPT-15-36",
      SLACcitation   = "%%CITATION = ARXIV:1509.02904;%%"
}

@techreport{ATL-PHYS-PUB-2014-010,
      title         = "{Search for Supersymmetry at the high luminosity LHC with
                       the ATLAS experiment}",
      institution   = "CERN",
      address       = "Geneva",
      number        = "ATL-PHYS-PUB-2014-010",
      month         = "Jul",
      year          = "2014",
      reportNumber  = "ATL-PHYS-PUB-2014-010",
      url           = "https://cds.cern.ch/record/1735031",
}

@article{PhysRevD.97.112001,
  title = {Search for squarks and gluinos in final states with jets and missing transverse momentum using $36\text{ }\text{ }{\mathrm{fb}}^{\ensuremath{-}1}$ of $\sqrt{s}=13\text{ }\text{ }\mathrm{TeV}$ $pp$ collision data with the ATLAS detector},
  author = {M. Aaboud et al.},
  collaboration = {ATLAS Collaboration},
  journal = {Phys. Rev. D},
  volume = {97},
  issue = {11},
  pages = {112001},
  numpages = {47},
  year = {2018},
  month = {Jun},
  publisher = {American Physical Society},
  doi = {10.1103/PhysRevD.97.112001},
  url = {https://link.aps.org/doi/10.1103/PhysRevD.97.112001}
}

@Article{Khachatryan2017,   
author="V. Khachatryan et al. ",
title="A search for new phenomena in pp collisions at $\sqrt{s}} = 13$ TeV in final states with missing transverse momentum and at least one jet using the $\alpha_\mathrm{T}$ variable",
journal="The European Physical Journal C",
year="2017",
month="May",
day="08",
volume="77",
number="5",
pages="294",
issn="1434-6052",
doi="10.1140/epjc/s10052-017-4787-8",
url="https://doi.org/10.1140/epjc/s10052-017-4787-8"
}

@Article{Aaboud2018,
author="{The ATLAS collaboration}, 
title="Search for supersymmetry in final states with charm jets and missing transverse momentum in 13 TeV pp collisions with the ATLAS detector",
journal="Journal of High Energy Physics",
year="2018",
month="Sep",
day="10",
volume="2018",
number="9",
pages="50",
issn="1029-8479",
doi="10.1007/JHEP09(2018)050",
url="https://doi.org/10.1007/JHEP09(2018)050"
}

@article{Aaboud:2019yqu,
      author         = "ATLAS Collaboration",
      title          = "{Constraints on mediator-based dark matter and scalar
                        dark energy models using $\sqrt s = 13$ TeV $pp$ collision
                        data collected by the ATLAS detector}",
      collaboration  = "ATLAS",
      journal        = "JHEP",
      volume         = "05",
      year           = "2019",
      pages          = "142",
      doi            = "10.1007/JHEP05(2019)142",
      eprint         = "1903.01400",
      archivePrefix  = "arXiv",
      primaryClass   = "hep-ex",
      reportNumber   = "CERN-EP-2018-334",
      SLACcitation   = "%%CITATION = ARXIV:1903.01400;%%"
}

@Article{Curtin2018,
author="D. Curtin et al.",
title="New physics opportunities for long-lived particles at electron-proton colliders",
journal="Journal of High Energy Physics",
year="2018",
month="Jul",
day="04",
volume="2018",
number="7",
pages="24",
issn="1029-8479",
doi="10.1007/JHEP07(2018)024",
url="https://doi.org/10.1007/JHEP07(2018)024"
}

@article{Curtin:2018mvb,
      author         = "D. Curtin et al.",
      title          = "{Long-Lived Particles at the Energy Frontier: The
                        MATHUSLA Physics Case}",
      year           = "2018",
      eprint         = "1806.07396",
      archivePrefix  = "arXiv",
      primaryClass   = "hep-ph",
      reportNumber   = "FERMILAB-PUB-18-264-T",
      SLACcitation   = "%%CITATION = ARXIV:1806.07396;%%"
}


@article{Liu:2019ogn,
      author         = "Z. Liu, Y-H. Xu and Y. Zhang",
      title          = "{Probing dark matter particles at CEPC}",
      journal        = "JHEP",
      volume         = "06",
      year           = "2019",
      pages          = "009",
      doi            = "10.1007/JHEP06(2019)009",
      eprint         = "1903.12114",
      archivePrefix  = "arXiv",
      primaryClass   = "hep-ph",
      SLACcitation   = "%%CITATION = ARXIV:1903.12114;%%"
}