% -- include here the bibtex style bibliography items for your section

%SUS-19-005 and 006 for CMS results 
%monojet ATLAS https://arxiv.org/abs/1711.03301  
%FCC-hh submission for squark https://arxiv.org/pdf/1606.00947.pdf 
%Private communication for CLIC 

@article{Barbieri:1987fn,
      author         = "R. Barbieri and G.F. Giudice",
      title          = "{Upper Bounds on Supersymmetric Particle Masses}",
      journal        = "Nucl. Phys.",
      volume         = "B306",
      year           = "1988",
      pages          = "63-76",
      doi            = "10.1016/0550-3213(88)90171-X",
      reportNumber   = "CERN-TH-4825/87",
      SLACcitation   = "%%CITATION = NUPHA,B306,63;%%"
}