% -- include here the bibtex style bibliography items for your section

@article{Buttazzo:2018qqp,
      author         = "D. Buttazzo et al.",
      title          = "{Fusing Vectors into Scalars at High Energy Lepton
                        Colliders}",
      journal        = "JHEP",
      volume         = "11",
      year           = "2018",
      pages          = "144",
      doi            = "10.1007/JHEP11(2018)144",
      eprint         = "1807.04743",
      archivePrefix  = "arXiv",
      primaryClass   = "hep-ph",
      reportNumber   = "DESY 18-116, DESY-18-116",
      SLACcitation   = "%%CITATION = ARXIV:1807.04743;%%"
}

@article{Sirunyan:2018qlb,
      author         = "A.M. Sirunyan et al.",
      title          = "{Search for a new scalar resonance decaying to a pair of
                        Z bosons in proton-proton collisions at $\sqrt{s}=13 $
                        TeV}",
      collaboration  = "CMS",
      journal        = "JHEP",
      volume         = "06",
      year           = "2018",
      pages          = "127",
      doi            = "10.1007/JHEP06(2018)127, 10.1007/JHEP03(2019)128",
      note           = "[Erratum: JHEP03,128(2019)]",
      eprint         = "1804.01939",
      archivePrefix  = "arXiv",
      primaryClass   = "hep-ex",
      reportNumber   = "CMS-HIG-17-012, CERN-EP-2018-009",
      SLACcitation   = "%%CITATION = ARXIV:1804.01939;%%"
}

@article{CidVidal:2018eel,
      author         = "X. Cid Vidal et al.",
      title          = "{Beyond the Standard Model Physics at the HL-LHC and
                        HE-LHC}",
      collaboration  = "Working Group 3",
      year           = "2018",
      eprint         = "1812.07831",
      archivePrefix  = "arXiv",
      primaryClass   = "hep-ph",
      reportNumber   = "CERN-LPCC-2018-05",
      SLACcitation   = "%%CITATION = ARXIV:1812.07831;%%"
}

@article{deBlas:2019rxi,
      author         = "J. de Blas et al.",
      title          = "{Higgs Boson Studies at Future Particle Colliders}",
      year           = "2019",
      eprint         = "1905.03764",
      archivePrefix  = "arXiv",
      primaryClass   = "hep-ph",
      SLACcitation   = "%%CITATION = ARXIV:1905.03764;%%"
}

@article{Curtin:2014jma,
      author         = "D. Curtin, P. Meade and C-T. Yu",
      title          = "{Testing Electroweak Baryogenesis with Future Colliders}",
      journal        = "JHEP",
      volume         = "11",
      year           = "2014",
      pages          = "127",
      doi            = "10.1007/JHEP11(2014)127",
      eprint         = "1409.0005",
      archivePrefix  = "arXiv",
      primaryClass   = "hep-ph",
      reportNumber   = "YITP-SB-14-33",
      SLACcitation   = "%%CITATION = ARXIV:1409.0005;%%"
}

@article{Chala:2018opy,
      author         = "M. Chala, M. Ramos and M. Spannowsky",
      title          = "{Gravitational wave and collider probes of a triplet
                        Higgs sector with a low cutoff}",
      journal        = "Eur. Phys. J.",
      volume         = "C79",
      year           = "2019",
      number         = "2",
      pages          = "156",
      doi            = "10.1140/epjc/s10052-019-6655-1",
      eprint         = "1812.01901",
      archivePrefix  = "arXiv",
      primaryClass   = "hep-ph",
      SLACcitation   = "%%CITATION = ARXIV:1812.01901;%%"
}

@article{Craig:2016ygr,
      author         = "N. Craig et al.",
      title          = "{Heavy Higgs bosons at low $\tan \beta$: from the LHC to
                        100 TeV}",
      journal        = "JHEP",
      volume         = "01",
      year           = "2017",
      pages          = "018",
      doi            = "10.1007/JHEP01(2017)018",
      eprint         = "1605.08744",
      archivePrefix  = "arXiv",
      primaryClass   = "hep-ph",
      SLACcitation   = "%%CITATION = ARXIV:1605.08744;%%"
}

@article{Hajer:2015gka,
      author         = "J. Hajer et al.",
      title          = "{Heavy Higgs Bosons at 14 TeV and 100 TeV}",
      journal        = "JHEP",
      volume         = "11",
      year           = "2015",
      pages          = "124",
      doi            = "10.1007/JHEP11(2015)124",
      eprint         = "1504.07617",
      archivePrefix  = "arXiv",
      primaryClass   = "hep-ph",
      SLACcitation   = "%%CITATION = ARXIV:1504.07617;%%"
}

@article{Gorbahn:2015gxa,
      author         = "M. Gorbahn, J.M. No and V. Sanz",
      title          = "{Benchmarks for Higgs Effective Theory: Extended Higgs
                        Sectors}",
      journal        = "JHEP",
      volume         = "10",
      year           = "2015",
      pages          = "036",
      doi            = "10.1007/JHEP10(2015)036",
      eprint         = "1502.07352",
      archivePrefix  = "arXiv",
      primaryClass   = "hep-ph",
      SLACcitation   = "%%CITATION = ARXIV:1502.07352;%%"
}

@article{Gunion:2002zf,
      author         = "J.F. Gunion H.E. Haber",
      title          = "{The CP conserving two Higgs doublet model: The Approach
                        to the decoupling limit}",
      journal        = "Phys. Rev.",
      volume         = "D67",
      year           = "2003",
      pages          = "075019",
      doi            = "10.1103/PhysRevD.67.075019",
      eprint         = "hep-ph/0207010",
      archivePrefix  = "arXiv",
      primaryClass   = "hep-ph",
      reportNumber   = "SCIPP-02-10",
      SLACcitation   = "%%CITATION = HEP-PH/0207010;%%"
}

@article{Agrawal:2018pci,
      author         = "P. Agrawal et al.",
      title          = "{Probing the Type-II Seesaw Mechanism through the
                        Production of Higgs Bosons at a Lepton Collider}",
      journal        = "Phys. Rev.",
      volume         = "D98",
      year           = "2018",
      number         = "1",
      pages          = "015024",
      doi            = "10.1103/PhysRevD.98.015024",
      eprint         = "1803.00677",
      archivePrefix  = "arXiv",
      primaryClass   = "hep-ph",
      reportNumber   = "IP/BBSR/2018-18, IPPP/18/14, IP-BBSR-2018-18, IPPP-18-14",
      SLACcitation   = "%%CITATION = ARXIV:1803.00677;%%"
}

@article{Cerri:2018ypt,
      author         = "A. Cerri et al.",
      title          = "{Opportunities in Flavour Physics at the HL-LHC and
                        HE-LHC}",
      year           = "2018",
      eprint         = "1812.07638",
      archivePrefix  = "arXiv",
      primaryClass   = "hep-ph",
      reportNumber   = "CERN-LPCC-2018-06",
      SLACcitation   = "%%CITATION = ARXIV:1812.07638;%%"
}

@article{Bambade:2019fyw,
      author         = "P. Bambade et al.",
      title          = "{The International Linear Collider: A Global Project}",
      year           = "2019",
      eprint         = "1903.01629",
      archivePrefix  = "arXiv",
      primaryClass   = "hep-ex",
      reportNumber   = "DESY 19-037, DESY-19-037, FERMILAB-FN-1067-PPD,
                        IFIC/19-10, IRFU-19-10, JLAB-PHY-19-2854, KEK Preprint
                        2018-92, JLAB-PHY-19-2854, KEK Preprint 2018-92, LAL/RT
                        19-001, PNNL-SA-142168, SLAC-PUB-17412, SLAC-PUB-17412",
      SLACcitation   = "%%CITATION = ARXIV:1903.01629;%%"
}

@article{Abramowicz:2018rjq,
      author         = "H. Abramowicz et al.",
      title          = "{Top-Quark Physics at the CLIC Electron-Positron Linear
                        Collider}",
      collaboration  = "CLICdp",
      year           = "2018",
      eprint         = "1807.02441",
      archivePrefix  = "arXiv",
      primaryClass   = "hep-ex",
      reportNumber   = "CLICdp-Pub-2018-003, CLICDP-PUB-2018-003",
      SLACcitation   = "%%CITATION = ARXIV:1807.02441;%%"
}

@article{Khanpour:2014xla,
      author         = "H. Khanpour et al.",
      title          = "{Single top quark production as a probe of anomalous
                        $tq\gamma$ and $tqZ$ couplings at the FCC-ee}",
      journal        = "Phys. Lett.",
      volume         = "B775",
      year           = "2017",
      pages          = "25-31",
      doi            = "10.1016/j.physletb.2017.10.047",
      eprint         = "1408.2090",
      archivePrefix  = "arXiv",
      primaryClass   = "hep-ph",
      SLACcitation   = "%%CITATION = ARXIV:1408.2090;%%"
}

@article{Abada:2019lih,
      author         = "A. Abada et al.",
      title          = "{FCC Physics Opportunities}",
      collaboration  = "FCC",
      journal        = "Eur. Phys. J.",
      volume         = "C79",
      year           = "2019",
      number         = "6",
      pages          = "474",
      doi            = "10.1140/epjc/s10052-019-6904-3",
      reportNumber   = "CERN-ACC-2018-0056",
      SLACcitation   = "%%CITATION = EPHJA,C79,474;%%"
}

@article{Du:2018eaw,
      author         = "Y. Du et al.",
      title          = "{Type-II Seesaw Scalar Triplet Model at a 100 TeV $pp$
                        Collider: Discovery and Higgs Portal Coupling
                        Determination}",
      journal        = "JHEP",
      volume         = "01",
      year           = "2019",
      pages          = "101",
      doi            = "10.1007/JHEP01(2019)101",
      eprint         = "1810.09450",
      archivePrefix  = "arXiv",
      primaryClass   = "hep-ph",
      SLACcitation   = "%%CITATION = ARXIV:1810.09450;%%"
}

@article{deBlas:2018mhx,
      author         = "J. de Blas et al.",
      title          = "{The CLIC Potential for New Physics}",
      year           = "2018",
      doi            = "10.23731/CYRM-2018-003",
      eprint         = "1812.02093",
      archivePrefix  = "arXiv",
      primaryClass   = "hep-ph",
      reportNumber   = "CERN-TH-2018-267, CERN-2018-009-M",
      SLACcitation   = "%%CITATION = ARXIV:1812.02093;%%"
}

@article{Cornella:2019hct,
      author         = "C. Cornella, J. Fuentes-Martin G. Isidori",
      title          = "{Revisiting the vector leptoquark explanation of the
                        B-physics anomalies}",
      year           = "2019",
      eprint         = "1903.11517",
      archivePrefix  = "arXiv",
      primaryClass   = "hep-ph",
      reportNumber   = "ZU-TH-15-19",
      SLACcitation   = "%%CITATION = ARXIV:1903.11517;%%"
}

@article{Chacko:2005pe,
      author         = "Z. Chacko, H-S. Goh and R. Harnik",
      title          = "{The Twin Higgs: Natural electroweak breaking from mirror
                        symmetry}",
      journal        = "Phys. Rev. Lett.",
      volume         = "96",
      year           = "2006",
      pages          = "231802",
      doi            = "10.1103/PhysRevLett.96.231802",
      eprint         = "hep-ph/0506256",
      archivePrefix  = "arXiv",
      primaryClass   = "hep-ph",
      SLACcitation   = "%%CITATION = HEP-PH/0506256;%%"
}

@article{Burdman:2006tz,
      author         = "G. Burdman et al.",
      title          = "{Folded supersymmetry and the LEP paradox}",
      journal        = "JHEP",
      volume         = "02",
      year           = "2007",
      pages          = "009",
      doi            = "10.1088/1126-6708/2007/02/009",
      eprint         = "hep-ph/0609152",
      archivePrefix  = "arXiv",
      primaryClass   = "hep-ph",
      reportNumber   = "SLAC-PUB-12115",
      SLACcitation   = "%%CITATION = HEP-PH/0609152;%%"
}

@article{Cai:2008au,
      author         = "H. Cai, H-C. Cheng and J. Terning",
      title          = "{A Quirky Little Higgs Model}",
      journal        = "JHEP",
      volume         = "05",
      year           = "2009",
      pages          = "045",
      doi            = "10.1088/1126-6708/2009/05/045",
      eprint         = "0812.0843",
      archivePrefix  = "arXiv",
      primaryClass   = "hep-ph",
      SLACcitation   = "%%CITATION = ARXIV:0812.0843;%%"
}

@article{Cohen:2018mgv,
      author         = "T. Cohen et al.",
      title          = "{The Hyperbolic Higgs}",
      journal        = "JHEP",
      volume         = "05",
      year           = "2018",
      pages          = "091",
      doi            = "10.1007/JHEP05(2018)091",
      eprint         = "1803.03647",
      archivePrefix  = "arXiv",
      primaryClass   = "hep-ph",
      SLACcitation   = "%%CITATION = ARXIV:1803.03647;%%"
}

@article{Cheng:2018gvu,
      author         = "H-C. Cheng et al.",
      title          = "{Singlet Scalar Top Partners from Accidental
                        Supersymmetry}",
      journal        = "JHEP",
      volume         = "05",
      year           = "2018",
      pages          = "057",
      doi            = "10.1007/JHEP05(2018)057",
      eprint         = "1803.03651",
      archivePrefix  = "arXiv",
      primaryClass   = "hep-ph",
      reportNumber   = "TUM-HEP-1134-18",
      SLACcitation   = "%%CITATION = ARXIV:1803.03651;%%"
}