% -- include here the bibtex style bibliography items for your section
@article{Lee:1977ua,      
author         = "B.W. Lee S. Weinberg",
      title          = "{Cosmological Lower Bound on Heavy Neutrino Masses}",
      journal        = "Phys. Rev. Lett.",
      volume         = "39",
      year           = "1977",
      pages          = "165-168",
      doi            = "10.1103/PhysRevLett.39.165",
      reportNumber   = "FERMILAB-PUB-77-41-THY, FERMILAB-PUB-77-041-T",
      SLACcitation   = "%%CITATION = PRLTA,39,165;%%"
}

@article{Boehm:2002yz,
      author         = "C. Boehm, T.A. Ensslin and J. Silk",
      title          = "{Can Annihilating dark matter be lighter than a few
                        GeVs?}",
      journal        = "J. Phys.",
      volume         = "G30",
      year           = "2004",
      pages          = "279-286",
      doi            = "10.1088/0954-3899/30/3/004",
      eprint         = "astro-ph/0208458",
      archivePrefix  = "arXiv",
      primaryClass   = "astro-ph",
      SLACcitation   = "%%CITATION = ASTRO-PH/0208458;%%"
}

@article{Boehm:2003hm,
      author         = "C. Boehm P. Fayet",
      title          = "{Scalar dark matter candidates}",
      journal        = "Nucl. Phys.",
      volume         = "B683",
      year           = "2004",
      pages          = "219-263",
      doi            = "10.1016/j.nuclphysb.2004.01.015",
      eprint         = "hep-ph/0305261",
      archivePrefix  = "arXiv",
      primaryClass   = "hep-ph",
      SLACcitation   = "%%CITATION = HEP-PH/0305261;%%"
}

@article{Pospelov:2007mp,
      author         = "M. Pospelov, A. Ritz and M.B. Voloshin",
      title          = "{Secluded WIMP Dark Matter}",
      journal        = "Phys. Lett.",
      volume         = "B662",
      year           = "2008",
      pages          = "53-61",
      doi            = "10.1016/j.physletb.2008.02.052",
      eprint         = "0711.4866",
      archivePrefix  = "arXiv",
      primaryClass   = "hep-ph",
      SLACcitation   = "%%CITATION = ARXIV:0711.4866;%%"
}

@article{Feng:2008ya,
	Archiveprefix = {arXiv},
	Author = {J.L. Feng and J. Kumar},
	Doi = {10.1103/PhysRevLett.101.231301},
	Eprint = {0803.4196},
	Journal = {Phys. Rev. Lett.},
	Pages = {231301},
	Primaryclass = {hep-ph},
	Reportnumber = {UCI-TR-2008-10},
	Slaccitation = {%%CITATION = ARXIV:0803.4196;%%},
	Title = {{The WIMPless Miracle: Dark-Matter Particles without Weak-Scale Masses or Weak Interactions}},
	Volume = {101},
	Year = {2008},
	Bdsk-Url-1 = {http://dx.doi.org/10.1103/PhysRevLett.101.231301}}

@article{ArkaniHamed:2008qn,
      author         = "N. Arkani-Hamed et al.",
      title          = "{A Theory of Dark Matter}",
      journal        = "Phys. Rev.",
      volume         = "D79",
      year           = "2009",
      pages          = "015014",
      doi            = "10.1103/PhysRevD.79.015014",
      eprint         = "0810.0713",
      archivePrefix  = "arXiv",
      primaryClass   = "hep-ph",
      SLACcitation   = "%%CITATION = ARXIV:0810.0713;%%"
}
@article{Lanfranchi:2018xrz,
      author         = "G. Lanfranchi",
      title          = "{Search for exotic particles at NA62}",
      booktitle      = "{Proceedings, An Alpine LHC Physics Summit 2018 (ALPS
                        2018): Obergurgl, Austria, April 15-20, 2018}",
      collaboration  = "NA62",
      journal        = "PoS",
      volume         = "ALPS2018",
      year           = "2018",
      pages          = "010",
      doi            = "10.22323/1.330.0010",
      SLACcitation   = "%%CITATION = POSCI,ALPS2018,010;%%"
}


@article{Anelli:2015pba,
      author         = "M. Anelli et al.",
      title          = "{A facility to Search for Hidden Particles (SHiP) at the
                        CERN SPS}",
      collaboration  = "SHiP",
      year           = "2015",
      eprint         = "1504.04956",
      archivePrefix  = "arXiv",
      primaryClass   = "physics.ins-det",
      reportNumber   = "CERN-SPSC-2015-016, SPSC-P-350",
      SLACcitation   = "%%CITATION = ARXIV:1504.04956;%%"
}
@article{Ariga:2018pin,
      author         = "A. Ariga et al.",
      title          = "{Technical Proposal for FASER: ForwArd Search ExpeRiment
                        at the LHC}",
      collaboration  = "FASER",
      year           = "2018",
      eprint         = "1812.09139",
      archivePrefix  = "arXiv",
      primaryClass   = "physics.ins-det",
      reportNumber   = "CERN-LHCC-2018-036, LHCC-P-013, UCI-TR-2018-22,
                        KYUSHU-RCAPP-2018-07",
      SLACcitation   = "%%CITATION = ARXIV:1812.09139;%%"
}

@article{Ilten:2015hya,
      author         = "P. Ilten et al.",
      title          = "{Dark photons from charm mesons at LHCb}",
      journal        = "Phys. Rev.",
      volume         = "D92",
      year           = "2015",
      number         = "11",
      pages          = "115017",
      doi            = "10.1103/PhysRevD.92.115017",
      eprint         = "1509.06765",
      archivePrefix  = "arXiv",
      primaryClass   = "hep-ph",
      reportNumber   = "MIT-CTP-4702",
      SLACcitation   = "%%CITATION = ARXIV:1509.06765;%%"
}

@article{CEPCStudyGroup:2018ghi,
      author         = "M. Dong et al.",
      editor         = "J.B. Guimar√£es da Costa et al.",
      title          = "{CEPC Conceptual Design Report: Volume 2 - Physics \&
                        Detector}",
      collaboration  = "CEPC Study Group",
      year           = "2018",
      eprint         = "1811.10545",
      archivePrefix  = "arXiv",
      primaryClass   = "hep-ex",
      reportNumber   = "IHEP-CEPC-DR-2018-02, IHEP-EP-2018-01, IHEP-TH-2018-01",
      SLACcitation   = "%%CITATION = ARXIV:1811.10545;%%"
}

@article{Karliner:2015tga,
      author         = "M. Karliner et al.",
      title          = "{Radiative return capabilities of a high-energy,
                        high-luminosity $e^+e^-$ collider}",
      journal        = "Phys. Rev.",
      volume         = "D92",
      year           = "2015",
      number         = "3",
      pages          = "035010",
      doi            = "10.1103/PhysRevD.92.035010",
      eprint         = "1503.07209",
      archivePrefix  = "arXiv",
      primaryClass   = "hep-ph",
      reportNumber   = "EFI-15-1, TAUP-2990-15",
      SLACcitation   = "%%CITATION = ARXIV:1503.07209;%%"
}
@article{Curtin:2014cca,
      author         = "D. Curtin et al.",
      title          = "{Illuminating Dark Photons with High-Energy Colliders}",
      journal        = "JHEP",
      volume         = "02",
      year           = "2015",
      pages          = "157",
      doi            = "10.1007/JHEP02(2015)157",
      eprint         = "1412.0018",
      archivePrefix  = "arXiv",
      primaryClass   = "hep-ph",
      reportNumber   = "YITP-SB-14-49",
      SLACcitation   = "%%CITATION = ARXIV:1412.0018;%%"
}
@article{OConnell:2006rsp,
      author         = "D. O'Connell, M.J. Ramsey-Musolf and M.B. Wise",
      title          = "{Minimal Extension of the Standard Model Scalar Sector}",
      journal        = "Phys. Rev.",
      volume         = "D75",
      year           = "2007",
      pages          = "037701",
      doi            = "10.1103/PhysRevD.75.037701",
      eprint         = "hep-ph/0611014",
      archivePrefix  = "arXiv",
      primaryClass   = "hep-ph",
      reportNumber   = "CALT-68-2614",
      SLACcitation   = "%%CITATION = HEP-PH/0611014;%%"
}

@article{Beacham:2019nyx,
      author         = "J. Beacham et al.",
      title          = "{Physics Beyond Colliders at CERN: Beyond the Standard
                        Model Working Group Report}",
      year           = "2019",
      eprint         = "1901.09966",
      archivePrefix  = "arXiv",
      primaryClass   = "hep-ex",
      reportNumber   = "CERN-PBC-REPORT-2018-007",
      SLACcitation   = "%%CITATION = ARXIV:1901.09966;%%"
}

@article{Graham:2015cka,
      author         = "P.W. Graham, D.E. Kaplan and S. Rajendran",
      title          = "{Cosmological Relaxation of the Electroweak Scale}",
      journal        = "Phys. Rev. Lett.",
      volume         = "115",
      year           = "2015",
      number         = "22",
      pages          = "221801",
      doi            = "10.1103/PhysRevLett.115.221801",
      eprint         = "1504.07551",
      archivePrefix  = "arXiv",
      primaryClass   = "hep-ph",
      SLACcitation   = "%%CITATION = ARXIV:1504.07551;%%"
}

@article{Cohen:1987vi,
      author         = "A.G. Cohen and D.B. Kaplan",
      title          = "{Thermodynamic Generation of the Baryon Asymmetry}",
      journal        = "Phys. Lett.",
      volume         = "B199",
      year           = "1987",
      pages          = "251-258",
      doi            = "10.1016/0370-2693(87)91369-4",
      reportNumber   = "HUTP-87/A061",
      SLACcitation   = "%%CITATION = PHLTA,B199,251;%%"
}

@article{Krnjaic:2015mbs,
      author         = "G. Krnjaic",
      title          = "{Probing Light Thermal Dark-Matter With a Higgs Portal
                        Mediator}",
      journal        = "Phys. Rev.",
      volume         = "D94",
      year           = "2016",
      number         = "7",
      pages          = "073009",
      doi            = "10.1103/PhysRevD.94.073009",
      eprint         = "1512.04119",
      archivePrefix  = "arXiv",
      primaryClass   = "hep-ph",
      reportNumber   = "FERMILAB-PUB-15-550-A",
      SLACcitation   = "%%CITATION = ARXIV:1512.04119;%%"
}

@article{Alekhin:2015byh,
      author         = "S. Alekhin et al.",
      title          = "{A facility to Search for Hidden Particles at the CERN
                        SPS: the SHiP physics case}",
      journal        = "Rept. Prog. Phys.",
      volume         = "79",
      year           = "2016",
      number         = "12",
      pages          = "124201",
      doi            = "10.1088/0034-4885/79/12/124201",
      eprint         = "1504.04855",
      archivePrefix  = "arXiv",
      primaryClass   = "hep-ph",
      reportNumber   = "CERN-SPSC-2015-017, SPSC-P-350-ADD-1",
      SLACcitation   = "%%CITATION = ARXIV:1504.04855;%%"
}

@article{Minkowski:1977sc,
      author         = "P. Minkowski",
      title          = "{$\mu \to e\gamma$ at a Rate of One Out of $10^{9}$ Muon
                        Decays?}",
      journal        = "Phys. Lett.",
      volume         = "67B",
      year           = "1977",
      pages          = "421-428",
      doi            = "10.1016/0370-2693(77)90435-X",
      reportNumber   = "Print-77-0182 (BERN)",
      SLACcitation   = "%%CITATION = PHLTA,67B,421;%%"
}

@article{GellMann:1980vs,
      author         = "M. Gell-Mann, P. Ramond and R. Slansky",
      title          = "{Complex Spinors and Unified Theories}",
      booktitle      = "{Supergravity Workshop Stony Brook, New York, September
                        27-28, 1979}",
      journal        = "Conf. Proc.",
      volume         = "C790927",
      year           = "1979",
      pages          = "315-321",
      eprint         = "1306.4669",
      archivePrefix  = "arXiv",
      primaryClass   = "hep-th",
      reportNumber   = "PRINT-80-0576",
      SLACcitation   = "%%CITATION = ARXIV:1306.4669;%%"
}

@article{Mohapatra:1980yp,
      author         = "R.N. Mohapatra and G. Senjanovic",
      title          = "{Neutrino Masses and Mixings in Gauge Models with
                        Spontaneous Parity Violation}",
      journal        = "Phys. Rev.",
      volume         = "D23",
      year           = "1981",
      pages          = "165",
      doi            = "10.1103/PhysRevD.23.165",
      reportNumber   = "FERMILAB-PUB-80-061-THY, FERMILAB-PUB-80-061-T",
      SLACcitation   = "%%CITATION = PHRVA,D23,165;%%"
}

@article{Yanagida:1980xy,
      author         = "T. Yanagida",
      title          = "{Horizontal Symmetry and Masses of Neutrinos}",
      journal        = "Prog. Theor. Phys.",
      volume         = "64",
      year           = "1980",
      pages          = "1103",
      doi            = "10.1143/PTP.64.1103",
      reportNumber   = "TU-80-208",
      SLACcitation   = "%%CITATION = PTPKA,64,1103;%%"
}
@article{Schechter:1980gr,
      author         = "J. Schechter, and J. W. F. Valle",
      title          = "{Neutrino Masses in SU(2) x U(1) Theories}",
      journal        = "Phys. Rev.",
      volume         = "D22",
      year           = "1980",
      pages          = "2227",
      doi            = "10.1103/PhysRevD.22.2227",
      reportNumber   = "SU-4217-167, COO-3533-167",
      SLACcitation   = "%%CITATION = PHRVA,D22,2227;%%"
}

@article{Schechter:1981cv,
      author         = "J. Schechter and J. W. F. Valle",
      title          = "{Neutrino Decay and Spontaneous Violation of Lepton
                        Number}",
      journal        = "Phys. Rev.",
      volume         = "D25",
      year           = "1982",
      pages          = "774",
      doi            = "10.1103/PhysRevD.25.774",
      reportNumber   = "SU-4217-203, COO-3533-203",
      SLACcitation   = "%%CITATION = PHRVA,D25,774;%%"
}

@article{DOnofrio:2014rug,
      author         = "M. D'Onofrio, K. Rummukainen and A. Tranberg",
      title          = "{Sphaleron Rate in the Minimal Standard Model}",
      journal        = "Phys. Rev. Lett.",
      volume         = "113",
      year           = "2014",
      number         = "14",
      pages          = "141602",
      doi            = "10.1103/PhysRevLett.113.141602",
      eprint         = "1404.3565",
      archivePrefix  = "arXiv",
      primaryClass   = "hep-ph",
      SLACcitation   = "%%CITATION = ARXIV:1404.3565;%%"
}

@article{Kuzmin:1985mm,
      author         = "V.A. Kuzmin, V.A. Rubakov and M.E. Shaposhnikov",
      title          = "{On the Anomalous Electroweak Baryon Number
                        Nonconservation in the Early Universe}",
      journal        = "Phys. Lett.",
      volume         = "155B",
      year           = "1985",
      pages          = "36",
      doi            = "10.1016/0370-2693(85)91028-7",
      reportNumber   = "IC/85/8",
      SLACcitation   = "%%CITATION = PHLTA,155B,36;%%"
}

@article{Fukugita:1986hr,
      author         = "M. Fukugita and T. Yanagida",
      title          = "{Baryogenesis Without Grand Unification}",
      journal        = "Phys. Lett.",
      volume         = "B174",
      year           = "1986",
      pages          = "45-47",
      doi            = "10.1016/0370-2693(86)91126-3",
      reportNumber   = "RIFP-641",
      SLACcitation   = "%%CITATION = PHLTA,B174,45;%%"
}
@article{Akhmedov:1998qx,
      author         = "E.K. Akhmedov V.A. Rubakov and A. Y. Smirnov",
      title          = "{Baryogenesis via neutrino oscillations}",
      journal        = "Phys. Rev. Lett.",
      volume         = "81",
      year           = "1998",
      pages          = "1359-1362",
      doi            = "10.1103/PhysRevLett.81.1359",
      eprint         = "hep-ph/9803255",
      archivePrefix  = "arXiv",
      primaryClass   = "hep-ph",
      reportNumber   = "IC-98-22, INR-98-14-T",
      SLACcitation   = "%%CITATION = HEP-PH/9803255;%%"
}
@article{Asaka:2005pn,
      author         = "T. Asaka and M. Shaposhnikov",
      title          = "{The nuMSM, dark matter and baryon asymmetry of the
                        universe}",
      journal        = "Phys. Lett.",
      volume         = "B620",
      year           = "2005",
      pages          = "17-26",
      doi            = "10.1016/j.physletb.2005.06.020",
      eprint         = "hep-ph/0505013",
      archivePrefix  = "arXiv",
      primaryClass   = "hep-ph",
      SLACcitation   = "%%CITATION = HEP-PH/0505013;%%"
}

@article{Asaka:2005pn,
      author         = "T. Asaka and M. Shaposhnikov",
      title          = "{The nuMSM, dark matter and baryon asymmetry of the
                        universe}",
      journal        = "Phys. Lett.",
      volume         = "B620",
      year           = "2005",
      pages          = "17-26",
      doi            = "10.1016/j.physletb.2005.06.020",
      eprint         = "hep-ph/0505013",
      archivePrefix  = "arXiv",
      primaryClass   = "hep-ph",
      SLACcitation   = "%%CITATION = HEP-PH/0505013;%%"
}

@article{Eijima:2018qke,
      author         = "S. Eijima, M. Shaposhnikov and I. Timiryasov",
      title          = "{Parameter space of baryogenesis in the $\nu$MSM}",
      year           = "2018",
      eprint         = "1808.10833",
      archivePrefix  = "arXiv",
      primaryClass   = "hep-ph",
      SLACcitation   = "%%CITATION = ARXIV:1808.10833;%%"
}

@article{Canetti:2012zc,
      author         = "L. Canetti, M. Drewes and M. Shaposhnikov",
      title          = "{Matter and Antimatter in the Universe}",
      journal        = "New J. Phys.",
      volume         = "14",
      year           = "2012",
      pages          = "095012",
      doi            = "10.1088/1367-2630/14/9/095012",
      eprint         = "1204.4186",
      archivePrefix  = "arXiv",
      primaryClass   = "hep-ph",
      reportNumber   = "TTK-12-04",
      SLACcitation   = "%%CITATION = ARXIV:1204.4186;%%"
}

@article{Drewes:2013gca,
      author         = "M. Drewes",
      title          = "{The Phenomenology of Right Handed Neutrinos}",
      journal        = "Int. J. Mod. Phys.",
      volume         = "E22",
      year           = "2013",
      pages          = "1330019",
      doi            = "10.1142/S0218301313300191",
      eprint         = "1303.6912",
      archivePrefix  = "arXiv",
      primaryClass   = "hep-ph",
      reportNumber   = "TUM-HEP-881-13",
      SLACcitation   = "%%CITATION = ARXIV:1303.6912;%%"
}

@article{Peccei:1977hh,
      author         = "R.D. Peccei and H.R. Quinn",
      title          = "{CP Conservation in the Presence of Instantons}",
      journal        = "Phys. Rev. Lett.",
      volume         = "38",
      year           = "1977",
      pages          = "1440-1443",
      doi            = "10.1103/PhysRevLett.38.1440",
      note           = "[,328(1977)]",
      reportNumber   = "ITP-568-STANFORD",
      SLACcitation   = "%%CITATION = PRLTA,38,1440;%%"
}

@article{Weinberg:1977ma,
      author         = "S. Weinberg",
      title          = "{A New Light Boson?}",
      journal        = "Phys. Rev. Lett.",
      volume         = "40",
      year           = "1978",
      pages          = "223-226",
      doi            = "10.1103/PhysRevLett.40.223",
      reportNumber   = "HUTP-77/A074",
      SLACcitation   = "%%CITATION = PRLTA,40,223;%%"
}

@article{Wilczek:1977pj,
      author         = "F. Wilczek",
      title          = "{Problem of Strong  $P$  and  $T$  Invariance in the
                        Presence of Instantons}",
      journal        = "Phys. Rev. Lett.",
      volume         = "40",
      year           = "1978",
      pages          = "279-282",
      doi            = "10.1103/PhysRevLett.40.279",
      reportNumber   = "Print-77-0939 (COLUMBIA)",
      SLACcitation   = "%%CITATION = PRLTA,40,279;%%"
}

@article{Jaeckel:2010ni,
      author         = "J. Jaeckel and A. Ringwald",
      title          = "{The Low-Energy Frontier of Particle Physics}",
      journal        = "Ann. Rev. Nucl. Part. Sci.",
      volume         = "60",
      year           = "2010",
      pages          = "405-437",
      doi            = "10.1146/annurev.nucl.012809.104433",
      eprint         = "1002.0329",
      archivePrefix  = "arXiv",
      primaryClass   = "hep-ph",
      reportNumber   = "CPT-10-18, DESY-10-016, IPPP-10-09",
      SLACcitation   = "%%CITATION = ARXIV:1002.0329;%%"
}

@article{deBlas:2019rxi,
      author         = "J. de Blas et al.",
      title          = "{Higgs Boson Studies at Future Particle Colliders}",
      year           = "2019",
      eprint         = "1905.03764",
      archivePrefix  = "arXiv",
      primaryClass   = "hep-ph",
      SLACcitation   = "%%CITATION = ARXIV:1905.03764;%%"
}

@article{Abada:2019zxq,
      author         = "A. Abada et al.",
      title          = "{FCC-ee: The Lepton Collider}",
      collaboration  = "FCC",
      year           = "2019",
      doi            = "10.1140/epjst/e2019-900045-4",
      note           = "[Eur. Phys. J. ST228,no.2,261(2019)]",
      reportNumber   = "CERN-ACC-2018-0057",
      SLACcitation   = "%%CITATION = CERN-ACC-2018-0057;%%"
}

@article{Antusch:2017pkq,
      author         = "S. Antusch et al.",
      title          = "{Probing Leptogenesis at Future Colliders}",
      journal        = "JHEP",
      volume         = "09",
      year           = "2018",
      pages          = "124",
      doi            = "10.1007/JHEP09(2018)124",
      eprint         = "1710.03744",
      archivePrefix  = "arXiv",
      primaryClass   = "hep-ph",
      reportNumber   = "TUM-1160/18, CP3-17-48",
      SLACcitation   = "%%CITATION = ARXIV:1710.03744;%%"
}

@article{CEPCStudyGroup:2018ghi,
      author         = "M. Dong et al.",
      editor         = "J.B. Guimaraes da Costa et al.",
      title          = "{CEPC Conceptual Design Report: Volume 2 - Physics \&
                        Detector}",
      collaboration  = "CEPC Study Group",
      year           = "2018",
      eprint         = "1811.10545",
      archivePrefix  = "arXiv",
      primaryClass   = "hep-ex",
      reportNumber   = "IHEP-CEPC-DR-2018-02, IHEP-EP-2018-01, IHEP-TH-2018-01",
      SLACcitation   = "%%CITATION = ARXIV:1811.10545;%%"
}

@article{Antusch:2016ejd,
      author         = "S. Antusch, E. Cazzato and O. Fischer",
      title          = "{Sterile neutrino searches at future $e^-e^+$, $pp$, and
                        $e^-p$ colliders}",
      journal        = "Int. J. Mod. Phys.",
      volume         = "A32",
      year           = "2017",
      number         = "14",
      pages          = "1750078",
      doi            = "10.1142/S0217751X17500786",
      eprint         = "1612.02728",
      archivePrefix  = "arXiv",
      primaryClass   = "hep-ph",
      SLACcitation   = "%%CITATION = ARXIV:1612.02728;%%"
}

@article{Minkowski:1977sc,
      author         = "P. Minkowski",
      title          = "{$\mu \to e\gamma$ at a Rate of One Out of $10^{9}$ Muon
                        Decays?}",
      journal        = "Phys. Lett.",
      volume         = "67B",
      year           = "1977",
      pages          = "421-428",
      doi            = "10.1016/0370-2693(77)90435-X",
      reportNumber   = "Print-77-0182 (BERN)",
      SLACcitation   = "%%CITATION = PHLTA,67B,421;%%"
}

@article{Yue:2019gbh,
      author         = "C-X. Yue, M-Z. Liu and Y-C. Guo",
      title          = "{Searching for axion-like particle at future $ep$
                        colliders}",
      year           = "2019",
      eprint         = "1904.10657",
      archivePrefix  = "arXiv",
      primaryClass   = "hep-ph",
      SLACcitation   = "%%CITATION = ARXIV:1904.10657;%%"
}

@article{Bauer:2018uxu,
      author         = "M. Bauer et al.",
      title          = "{Axion-Like Particles at Future Colliders}",
      journal        = "Eur. Phys. J.",
      volume         = "C79",
      year           = "2019",
      number         = "1",
      pages          = "74",
      doi            = "10.1140/epjc/s10052-019-6587-9",
      eprint         = "1808.10323",
      archivePrefix  = "arXiv",
      primaryClass   = "hep-ph",
      reportNumber   = "CERN-TH-2018-199, MITP/18-075",
      SLACcitation   = "%%CITATION = ARXIV:1808.10323;%%"
}

@article{Banerjee:2018xmn,
      author         = "A. Banerjee, H. Kim and G. Perez",
      title          = "{Coherent relaxion dark matter}",
      year           = "2018",
      eprint         = "1810.01889",
      archivePrefix  = "arXiv",
      primaryClass   = "hep-ph",
      SLACcitation   = "%%CITATION = ARXIV:1810.01889;%%"
}

@article{Flacke:2016szy,
      author         = "T. Flacke et al.",
      title          = "{Phenomenology of relaxion-Higgs mixing}",
      journal        = "JHEP",
      volume         = "06",
      year           = "2017",
      pages          = "050",
      doi            = "10.1007/JHEP06(2017)050",
      eprint         = "1610.02025",
      archivePrefix  = "arXiv",
      primaryClass   = "hep-ph",
      reportNumber   = "CTPU-16-25",
      SLACcitation   = "%%CITATION = ARXIV:1610.02025;%%"
}

@article{Abel:2018fqg,
      author         = "S.A. Abel, R.S. Gupta and J. Scholtz",
      title          = "{Out-of-the-box Baryogenesis During Relaxation}",
      year           = "2018",
      eprint         = "1810.05153",
      archivePrefix  = "arXiv",
      primaryClass   = "hep-ph",
      reportNumber   = "IPPP/18/93",
      SLACcitation   = "%%CITATION = ARXIV:1810.05153;%%"
}

@article{Fonseca:2018xzp,
      author         = "N. Fonseca, E. Morgante and G. Servant",
      title          = "{Higgs relaxation after inflation}",
      journal        = "JHEP",
      volume         = "10",
      year           = "2018",
      pages          = "020",
      doi            = "10.1007/JHEP10(2018)020",
      eprint         = "1805.04543",
      archivePrefix  = "arXiv",
      primaryClass   = "hep-ph",
      reportNumber   = "DESY 18-069, DESY-18-069",
      SLACcitation   = "%%CITATION = ARXIV:1805.04543;%%"
}

@article{Frugiuele:2018coc,
      author         = "C. Frugiuele et al.",
      title          = "{Relaxion and light (pseudo)scalars at the HL-LHC and
                        lepton colliders}",
      journal        = "JHEP",
      volume         = "10",
      year           = "2018",
      pages          = "151",
      doi            = "10.1007/JHEP10(2018)151",
      eprint         = "1807.10842",
      archivePrefix  = "arXiv",
      primaryClass   = "hep-ph",
      SLACcitation   = "%%CITATION = ARXIV:1807.10842;%%"
}

@article{Kou:2018nap,
      author         = "W. Altmannshofer et al.",
      editor         = "Kou, E. and Urquijo, P.",
      title          = "{The Belle II Physics Book}",
      collaboration  = "Belle-II",
      year           = "2018",
      eprint         = "1808.10567",
      archivePrefix  = "arXiv",
      primaryClass   = "hep-ex",
      reportNumber   = "KEK Preprint 2018-27, BELLE2-PUB-PH-2018-001,
                        FERMILAB-PUB-18-398-T, JLAB-THY-18-2780, INT-PUB-18-047,
                        UWThPh 2018-26",
      SLACcitation   = "%%CITATION = ARXIV:1808.10567;%%"
}

@article{CidVidal:2018eel,
      author         = "X. Cid Vidal et al.",
      title          = "{Beyond the Standard Model Physics at the HL-LHC and
                        HE-LHC}",
      collaboration  = "Working Group 3",
      year           = "2018",
      eprint         = "1812.07831",
      archivePrefix  = "arXiv",
      primaryClass   = "hep-ph",
      reportNumber   = "CERN-LPCC-2018-05",
      SLACcitation   = "%%CITATION = ARXIV:1812.07831;%%"
}
