@article{Asai:2007sw,
      author         = "Asai, Shoji and Moroi, Takeo and Nishihara, Kazuyuki and
                        Yanagida, T. T.",
      title          = "{Testing the Anomaly Mediation at the LHC}",
      journal        = "Phys. Lett.",
      volume         = "B653",
      year           = "2007",
      pages          = "81-87",
      doi            = "10.1016/j.physletb.2007.06.080",
      eprint         = "0705.3086",
      archivePrefix  = "arXiv",
      primaryClass   = "hep-ph",
      reportNumber   = "UT-ICEPP-07-02, TU-792",
      SLACcitation   = "%%CITATION = ARXIV:0705.3086;%%"
}

@article{CortinaGil:2019nuo,
      author         = "Cortina Gil, Eduardo and others",
      title          = "{Search for production of an invisible dark photon in
                        $\pi^0$ decays}",
      collaboration  = "NA62",
      journal        = "JHEP",
      volume         = "05",
      year           = "2019",
      pages          = "182",
      doi            = "10.1007/JHEP05(2019)182",
      eprint         = "1903.08767",
      archivePrefix  = "arXiv",
      primaryClass   = "hep-ex",
      reportNumber   = "CERN-EP-2019-048",
      SLACcitation   = "%%CITATION = ARXIV:1903.08767;%%"
}

@article{Banerjee:2017hhz,
      author         = "Banerjee, D. and others",
      title          = "{Search for vector mediator of Dark Matter production in
                        invisible decay mode}",
      collaboration  = "NA64",
      journal        = "Phys. Rev.",
      volume         = "D97",
      year           = "2018",
      number         = "7",
      pages          = "072002",
      doi            = "10.1103/PhysRevD.97.072002",
      eprint         = "1710.00971",
      archivePrefix  = "arXiv",
      primaryClass   = "hep-ex",
      SLACcitation   = "%%CITATION = ARXIV:1710.00971;%%"
}

@article{Aguilar-Arevalo:2018wea,
      author         = "Aguilar-Arevalo, A. A. and others",
      title          = "{Dark Matter Search in Nucleon, Pion, and Electron
                        Channels from a Proton Beam Dump with MiniBooNE}",
      collaboration  = "MiniBooNE DM",
      journal        = "Phys. Rev.",
      volume         = "D98",
      year           = "2018",
      number         = "11",
      pages          = "112004",
      doi            = "10.1103/PhysRevD.98.112004",
      eprint         = "1807.06137",
      archivePrefix  = "arXiv",
      primaryClass   = "hep-ex",
      reportNumber   = "LA-UR-18-26421, FERMILAB-PUB-18-334-ND",
      SLACcitation   = "%%CITATION = ARXIV:1807.06137;%%"
}

@article{Berlin:2018bsc,
      author         = "Berlin, Asher and Blinov, Nikita and Krnjaic, Gordan and
                        Schuster, Philip and Toro, Natalia",
      title          = "{Dark Matter, Millicharges, Axion and Scalar Particles,
                        Gauge Bosons, and Other New Physics with LDMX}",
      journal        = "Phys. Rev.",
      volume         = "D99",
      year           = "2019",
      number         = "7",
      pages          = "075001",
      doi            = "10.1103/PhysRevD.99.075001",
      eprint         = "1807.01730",
      archivePrefix  = "arXiv",
      primaryClass   = "hep-ph",
      reportNumber   = "FERMILAB-PUB-18-310-A, SLAC-PUB-1729",
      SLACcitation   = "%%CITATION = ARXIV:1807.01730;%%"
}

@article{Akesson:2018vlm,
      author         = "Åkesson, Torsten and others",
      title          = "{Light Dark Matter eXperiment (LDMX)}",
      collaboration  = "LDMX",
      year           = "2018",
      eprint         = "1808.05219",
      archivePrefix  = "arXiv",
      primaryClass   = "hep-ex",
      reportNumber   = "FERMILAB-PUB-18-324-A, SLAC-PUB-17303",
      SLACcitation   = "%%CITATION = ARXIV:1808.05219;%%"
}

@article{Kahn:2018cqs,
      author         = "Kahn, Yonatan and Krnjaic, Gordan and Tran, Nhan and
                        Whitbeck, Andrew",
      title          = "{M$^{3}$: a new muon missing momentum experiment to probe
                        (g − 2)$_{μ}$ and dark matter at Fermilab}",
      journal        = "JHEP",
      volume         = "09",
      year           = "2018",
      pages          = "153",
      doi            = "10.1007/JHEP09(2018)153",
      eprint         = "1804.03144",
      archivePrefix  = "arXiv",
      primaryClass   = "hep-ph",
      reportNumber   = "FERMILAB-PUB-18-087-A",
      SLACcitation   = "%%CITATION = ARXIV:1804.03144;%%"
}

@article{Gninenko:2014pea,
      author         = "Gninenko, S. N. and Krasnikov, N. V. and Matveev, V. A.",
      title          = "{Muon g-2 and searches for a new leptophobic sub-GeV dark
                        boson in a missing-energy experiment at CERN}",
      journal        = "Phys. Rev.",
      volume         = "D91",
      year           = "2015",
      pages          = "095015",
      doi            = "10.1103/PhysRevD.91.095015",
      eprint         = "1412.1400",
      archivePrefix  = "arXiv",
      primaryClass   = "hep-ph",
      SLACcitation   = "%%CITATION = ARXIV:1412.1400;%%"
}

@article{Banerjee:2016tad,
      author         = "Banerjee, D. and others",
      title          = "{Search for invisible decays of sub-GeV dark photons in
                        missing-energy events at the CERN SPS}",
      collaboration  = "NA64",
      journal        = "Phys. Rev. Lett.",
      volume         = "118",
      year           = "2017",
      number         = "1",
      pages          = "011802",
      doi            = "10.1103/PhysRevLett.118.011802",
      eprint         = "1610.02988",
      archivePrefix  = "arXiv",
      primaryClass   = "hep-ex",
      SLACcitation   = "%%CITATION = ARXIV:1610.02988;%%"
}

@article{Izaguirre:2014bca,
      author         = "Izaguirre, Eder and Krnjaic, Gordan and Schuster, Philip
                        and Toro, Natalia",
      title          = "{Testing GeV-Scale Dark Matter with Fixed-Target Missing
                        Momentum Experiments}",
      journal        = "Phys. Rev.",
      volume         = "D91",
      year           = "2015",
      number         = "9",
      pages          = "094026",
      doi            = "10.1103/PhysRevD.91.094026",
      eprint         = "1411.1404",
      archivePrefix  = "arXiv",
      primaryClass   = "hep-ph",
      SLACcitation   = "%%CITATION = ARXIV:1411.1404;%%"
}

@article{Izaguirre:2013uxa,
      author         = "Izaguirre, Eder and Krnjaic, Gordan and Schuster, Philip
                        and Toro, Natalia",
      title          = "{New Electron Beam-Dump Experiments to Search for MeV to
                        few-GeV Dark Matter}",
      journal        = "Phys. Rev.",
      volume         = "D88",
      year           = "2013",
      pages          = "114015",
      doi            = "10.1103/PhysRevD.88.114015",
      eprint         = "1307.6554",
      archivePrefix  = "arXiv",
      primaryClass   = "hep-ph",
      SLACcitation   = "%%CITATION = ARXIV:1307.6554;%%"
}



@article{deNiverville:2011it,
      author         = "deNiverville, Patrick and Pospelov, Maxim and Ritz, Adam",
      title          = "{Observing a light dark matter beam with neutrino
                        experiments}",
      journal        = "Phys.Rev.",
      volume         = "D84",
      pages          = "075020",
      doi            = "10.1103/PhysRevD.84.075020",
      year           = "2011",
      eprint         = "1107.4580",
      archivePrefix  = "arXiv",
      primaryClass   = "hep-ph"
}


@article{Safarzadeh:2018hhg,
      author         = "Safarzadeh, Mohammadtaher and Scannapieco, Evan and
                        Babul, Arif",
      title          = "{A limit on the warm dark matter particle mass from the
                        redshifted 21 cm absorption line}",
      journal        = "Astrophys. J.",
      volume         = "859",
      year           = "2018",
      number         = "2",
      pages          = "L18",
      doi            = "10.3847/2041-8213/aac5e0",
      eprint         = "1803.08039",
      archivePrefix  = "arXiv",
      primaryClass   = "astro-ph.CO",
      SLACcitation   = "%%CITATION = ARXIV:1803.08039;%%"
}

@article{griest:1989wd,
	Author = {Griest, Kim and Kamionkowski, Marc},
	Doi = {10.1103/PhysRevLett.64.615},
	Journal = {Phys. Rev. Lett.},
	Pages = {615},
	Reportnumber = {CFPA-TH-89-013, FERMILAB-PUB-89-205-A},
	Slaccitation = {%%CITATION = PRLTA,64,615;%%},
	Title = {{Unitarity Limits on the Mass and Radius of Dark Matter Particles}},
	Volume = {64},
	Year = {1990},
	Bdsk-Url-1 = {https://doi.org/10.1103/PhysRevLett.64.615}}


@article{Billard:2013qya,
      author         = "Billard, J. and Strigari, L. and Figueroa-Feliciano, E.",
      title          = "{Implication of neutrino backgrounds on the reach of next
                        generation dark matter direct detection experiments}",
      journal        = "Phys. Rev.",
      volume         = "D89",
      year           = "2014",
      number         = "2",
      pages          = "023524",
      doi            = "10.1103/PhysRevD.89.023524",
      eprint         = "1307.5458",
      archivePrefix  = "arXiv",
      primaryClass   = "hep-ph",
      SLACcitation   = "%%CITATION = ARXIV:1307.5458;%%"
}

@article{Ilten:2018crw,
      author         = "Ilten, Philip and Soreq, Yotam and Williams, Mike and
                        Xue, Wei",
      title          = "{Serendipity in dark photon searches}",
      journal        = "JHEP",
      volume         = "06",
      year           = "2018",
      pages          = "004",
      doi            = "10.1007/JHEP06(2018)004",
      eprint         = "1801.04847",
      archivePrefix  = "arXiv",
      primaryClass   = "hep-ph",
      reportNumber   = "MIT-CTP/4976, CERN-TH-2017-282, MIT-CTP-4976",
      SLACcitation   = "%%CITATION = ARXIV:1801.04847;%%"
}


@article{DAgnolo:2015ujb,
      author         = "D'Agnolo, Raffaele Tito and Ruderman, Joshua T.",
      title          = "{Light Dark Matter from Forbidden Channels}",
      journal        = "Phys. Rev. Lett.",
      volume         = "115",
      year           = "2015",
      number         = "6",
      pages          = "061301",
      doi            = "10.1103/PhysRevLett.115.061301",
      eprint         = "1505.07107",
      archivePrefix  = "arXiv",
      primaryClass   = "hep-ph",
      SLACcitation   = "%%CITATION = ARXIV:1505.07107;%%"
}


@article{Izaguirre:2015yja,
      author         = "Izaguirre, Eder and Krnjaic, Gordan and Schuster, Philip
                        and Toro, Natalia",
      title          = "{Analyzing the Discovery Potential for Light Dark
                        Matter}",
      journal        = "Phys. Rev. Lett.",
      volume         = "115",
      year           = "2015",
      number         = "25",
      pages          = "251301",
      doi            = "10.1103/PhysRevLett.115.251301",
      eprint         = "1505.00011",
      archivePrefix  = "arXiv",
      primaryClass   = "hep-ph",
      SLACcitation   = "%%CITATION = ARXIV:1505.00011;%%"
}

@article{Bauer:2018onh,
      author         = "Bauer, Martin and Foldenauer, Patrick and Jaeckel, Joerg",
      title          = "{Hunting All the Hidden Photons}",
      journal        = "JHEP",
      volume         = "07",
      year           = "2018",
      pages          = "094",
      doi            = "10.1007/JHEP07(2018)094",
      eprint         = "1803.05466",
      archivePrefix  = "arXiv",
      primaryClass   = "hep-ph",
      SLACcitation   = "%%CITATION = ARXIV:1803.05466;%%"
}

@article{Marsh:2015xka,
      author         = "Marsh, David J. E.",
      title          = "{Axion Cosmology}",
      journal        = "Phys. Rept.",
      volume         = "643",
      year           = "2016",
      pages          = "1-79",
      doi            = "10.1016/j.physrep.2016.06.005",
      eprint         = "1510.07633",
      archivePrefix  = "arXiv",
      primaryClass   = "astro-ph.CO",
      reportNumber   = "KCL-PH-TH-2015-50",
      SLACcitation   = "%%CITATION = ARXIV:1510.07633;%%"
}

@article{Jungman:1995df,
      author         = "Jungman, Gerard and Kamionkowski, Marc and Griest, Kim",
      title          = "{Supersymmetric dark matter}",
      journal        = "Phys. Rept.",
      volume         = "267",
      year           = "1996",
      pages          = "195-373",
      doi            = "10.1016/0370-1573(95)00058-5",
      eprint         = "hep-ph/9506380",
      archivePrefix  = "arXiv",
      primaryClass   = "hep-ph",
      reportNumber   = "SU-4240-605, UCSD-PTH-95-02, IASSNS-HEP-95-14, CU-TP-677",
      SLACcitation   = "%%CITATION = HEP-PH/9506380;%%"
}

@article{Lee:1977ua,
      author         = "Lee, Benjamin W. and Weinberg, Steven",
      title          = "{Cosmological Lower Bound on Heavy Neutrino Masses}",
      journal        = "Phys. Rev. Lett.",
      volume         = "39",
      year           = "1977",
      pages          = "165-168",
      doi            = "10.1103/PhysRevLett.39.165",
      note           = "[,183(1977)]",
      reportNumber   = "FERMILAB-PUB-77-41-THY, FERMILAB-PUB-77-041-T",
      SLACcitation   = "%%CITATION = PRLTA,39,165;%%"
}

@article{Ali-Haimoud:2016mbv,
      author         = "Ali-Ha{\"i}moud, Yacine and Kamionkowski, Marc",
      title          = "{Cosmic microwave background limits on accreting
                        primordial black holes}",
      journal        = "Phys. Rev.",
      volume         = "D95",
      year           = "2017",
      number         = "4",
      pages          = "043534",
      doi            = "10.1103/PhysRevD.95.043534",
      eprint         = "1612.05644",
      archivePrefix  = "arXiv",
      primaryClass   = "astro-ph.CO",
      SLACcitation   = "%%CITATION = ARXIV:1612.05644;%%"
}

@article{Nakama:2017xvq,
      author         = "Nakama, Tomohiro and Carr, Bernard and Silk, Joseph",
      title          = "{Limits on primordial black holes from $\mu$ distortions
                        in cosmic microwave background}",
      journal        = "Phys. Rev.",
      volume         = "D97",
      year           = "2018",
      number         = "4",
      pages          = "043525",
      doi            = "10.1103/PhysRevD.97.043525",
      eprint         = "1710.06945",
      archivePrefix  = "arXiv",
      primaryClass   = "astro-ph.CO",
      SLACcitation   = "%%CITATION = ARXIV:1710.06945;%%"
}

@article{Brandt:2016aco,
      author         = "Brandt, Timothy D.",
      title          = "{Constraints on MACHO Dark Matter from Compact Stellar
                        Systems in Ultra-Faint Dwarf Galaxies}",
      journal        = "Astrophys. J.",
      volume         = "824",
      year           = "2016",
      number         = "2",
      pages          = "L31",
      doi            = "10.3847/2041-8205/824/2/L31",
      eprint         = "1605.03665",
      archivePrefix  = "arXiv",
      primaryClass   = "astro-ph.GA",
      SLACcitation   = "%%CITATION = ARXIV:1605.03665;%%"
}

@article{Bird:2016dcv,
      author         = "Bird, Simeon and Cholis, Ilias and Muñoz, Julian B. and
                        Ali-Haïmoud, Yacine and Kamionkowski, Marc and Kovetz,
                        Ely D. and Raccanelli, Alvise and Riess, Adam G.",
      title          = "{Did LIGO detect dark matter?}",
      journal        = "Phys. Rev. Lett.",
      volume         = "116",
      year           = "2016",
      number         = "20",
      pages          = "201301",
      doi            = "10.1103/PhysRevLett.116.201301",
      eprint         = "1603.00464",
      archivePrefix  = "arXiv",
      primaryClass   = "astro-ph.CO",
      SLACcitation   = "%%CITATION = ARXIV:1603.00464;%%"
}


@article{Hu:2000ke,
      author         = "Hu, Wayne and Barkana, Rennan and Gruzinov, Andrei",
      title          = "{Cold and fuzzy dark matter}",
      journal        = "Phys. Rev. Lett.",
      volume         = "85",
      year           = "2000",
      pages          = "1158-1161",
      doi            = "10.1103/PhysRevLett.85.1158",
      eprint         = "astro-ph/0003365",
      archivePrefix  = "arXiv",
      primaryClass   = "astro-ph",
      SLACcitation   = "%%CITATION = ASTRO-PH/0003365;%%"
}

@article{Bertone:2016nfn,
      author         = "Bertone, Gianfranco and Hooper, Dan",
      title          = "{History of dark matter}",
      journal        = "Rev. Mod. Phys.",
      volume         = "90",
      year           = "2018",
      number         = "4",
      pages          = "045002",
      doi            = "10.1103/RevModPhys.90.045002",
      eprint         = "1605.04909",
      archivePrefix  = "arXiv",
      primaryClass   = "astro-ph.CO",
      reportNumber   = "FERMILAB-PUB-16-157-A",
      SLACcitation   = "%%CITATION = ARXIV:1605.04909;%%"
}


@article{Battaglieri:2017aum,
      author         = "Battaglieri, Marco and others",
      title          = "{US Cosmic Visions: New Ideas in Dark Matter 2017:
                        Community Report}",
      year           = "2017",
      eprint         = "1707.04591",
      archivePrefix  = "arXiv",
      primaryClass   = "hep-ph",
      reportNumber   = "FERMILAB-CONF-17-282-AE-PPD-T",
      SLACcitation   = "%%CITATION = ARXIV:1707.04591;%%"
}


 @article{Tremaine:1979we,
      author         = "Tremaine, S. and Gunn, J. E.",
      title          = "{Dynamical Role of Light Neutral Leptons in Cosmology}",
      journal        = "Phys. Rev. Lett.",
      volume         = "42",
      year           = "1979",
      pages          = "407-410",
      doi            = "10.1103/PhysRevLett.42.407",
      note           = "[,66(1979)]",
      SLACcitation   = "%%CITATION = PRLTA,42,407;%%"
}
