% -- include here the bibtex style bibliography items for your section

@inproceedings{Battaglieri:2017aum,
      author         = "Battaglieri, Marco and others",
      title          = "{US Cosmic Visions: New Ideas in Dark Matter 2017:
                        Community Report}",
      booktitle      = "{U.S. Cosmic Visions: New Ideas in Dark Matter College
                        Park, MD, USA, March 23-25, 2017}",
      url            = "http://lss.fnal.gov/archive/2017/conf/fermilab-conf-17-282-ae-ppd-t.pdf",
      year           = "2017",
      eprint         = "1707.04591",
      archivePrefix  = "arXiv",
      primaryClass   = "hep-ph",
      reportNumber   = "FERMILAB-CONF-17-282-AE-PPD-T",
      SLACcitation   = "%%CITATION = ARXIV:1707.04591;%%"
}


@article{Gninenko:2014pea,
      author         = "Gninenko, S. N. and Krasnikov, N. V. and Matveev, V. A.",
      title          = "{Muon g-2 and searches for a new leptophobic sub-GeV dark
                        boson in a missing-energy experiment at CERN}",
      journal        = "Phys. Rev.",
      volume         = "D91",
      year           = "2015",
      pages          = "095015",
      doi            = "10.1103/PhysRevD.91.095015",
      eprint         = "1412.1400",
      archivePrefix  = "arXiv",
      primaryClass   = "hep-ph",
      SLACcitation   = "%%CITATION = ARXIV:1412.1400;%%"
}

@article{Banerjee:2016tad,
      author         = "Banerjee, D. and others",
      title          = "{Search for invisible decays of sub-GeV dark photons in
                        missing-energy events at the CERN SPS}",
      collaboration  = "NA64",
      journal        = "Phys. Rev. Lett.",
      volume         = "118",
      year           = "2017",
      number         = "1",
      pages          = "011802",
      doi            = "10.1103/PhysRevLett.118.011802",
      eprint         = "1610.02988",
      archivePrefix  = "arXiv",
      primaryClass   = "hep-ex",
      SLACcitation   = "%%CITATION = ARXIV:1610.02988;%%"
}

@article{Izaguirre:2014bca,
      author         = "Izaguirre, Eder and Krnjaic, Gordan and Schuster, Philip
                        and Toro, Natalia",
      title          = "{Testing GeV-Scale Dark Matter with Fixed-Target Missing
                        Momentum Experiments}",
      journal        = "Phys. Rev.",
      volume         = "D91",
      year           = "2015",
      number         = "9",
      pages          = "094026",
      doi            = "10.1103/PhysRevD.91.094026",
      eprint         = "1411.1404",
      archivePrefix  = "arXiv",
      primaryClass   = "hep-ph",
      SLACcitation   = "%%CITATION = ARXIV:1411.1404;%%"
}

@article{Izaguirre:2013uxa,
      author         = "Izaguirre, Eder and Krnjaic, Gordan and Schuster, Philip
                        and Toro, Natalia",
      title          = "{New Electron Beam-Dump Experiments to Search for MeV to
                        few-GeV Dark Matter}",
      journal        = "Phys. Rev.",
      volume         = "D88",
      year           = "2013",
      pages          = "114015",
      doi            = "10.1103/PhysRevD.88.114015",
      eprint         = "1307.6554",
      archivePrefix  = "arXiv",
      primaryClass   = "hep-ph",
      SLACcitation   = "%%CITATION = ARXIV:1307.6554;%%"
}



@article{Carena:2018cjh,
      author         = "Carena, Marcela and Quirós, Mariano and Zhang, Yue",
      title          = "{Electroweak Baryogenesis from Dark-Sector CP Violation}",
      journal        = "Phys. Rev. Lett.",
      volume         = "122",
      year           = "2019",
      number         = "20",
      pages          = "201802",
      doi            = "10.1103/PhysRevLett.122.201802",
      eprint         = "1811.09719",
      archivePrefix  = "arXiv",
      primaryClass   = "hep-ph",
      reportNumber   = "FERMILAB-PUB-18-636-T",
      SLACcitation   = "%%CITATION = ARXIV:1811.09719;%%"
}

@article{Akesson:2018yrp
,
      author         = "Åkesson, T. and Dutheil, Y. and Evans, L. and Grudiev,
                        A. and Papaphilippou, Y. and Stapnes, S.",
      title          = "{A primary electron beam facility at CERN}",
      year           = "2018",
      eprint         = "1805.12379",
      archivePrefix  = "arXiv",
      primaryClass   = "physics.acc-ph",
      SLACcitation   = "%%CITATION = ARXIV:1805.12379;%%"
}

@article{Izaguirre:2015yja,
      author         = "Izaguirre, Eder and Krnjaic, Gordan and Schuster, Philip
                        and Toro, Natalia",
      title          = "{Analyzing the Discovery Potential for Light Dark
                        Matter}",
      journal        = "Phys. Rev. Lett.",
      volume         = "115",
      year           = "2015",
      number         = "25",
      pages          = "251301",
      doi            = "10.1103/PhysRevLett.115.251301",
      eprint         = "1505.00011",
      archivePrefix  = "arXiv",
      primaryClass   = "hep-ph",
      SLACcitation   = "%%CITATION = ARXIV:1505.00011;%%"
}

@article{Berlin:2018sjs,
      author         = "Berlin, Asher and Hooper, Dan and Krnjaic, Gordan and
                        McDermott, Samuel D.",
      title          = "{Severely Constraining Dark Matter Interpretations of the
                        21-cm Anomaly}",
      journal        = "Phys. Rev. Lett.",
      volume         = "121",
      year           = "2018",
      number         = "1",
      pages          = "011102",
      doi            = "10.1103/PhysRevLett.121.011102",
      eprint         = "1803.02804",
      archivePrefix  = "arXiv",
      primaryClass   = "hep-ph",
      reportNumber   = "FERMILAB-PUB-18-066-A",
      SLACcitation   = "%%CITATION = ARXIV:1803.02804;%%"
}



@article{DAgnolo:2015ujb,
      author         = "D'Agnolo, Raffaele Tito and Ruderman, Joshua T.",
      title          = "{Light Dark Matter from Forbidden Channels}",
      journal        = "Phys. Rev. Lett.",
      volume         = "115",
      year           = "2015",
      number         = "6",
      pages          = "061301",
      doi            = "10.1103/PhysRevLett.115.061301",
      eprint         = "1505.07107",
      archivePrefix  = "arXiv",
      primaryClass   = "hep-ph",
      SLACcitation   = "%%CITATION = ARXIV:1505.07107;%%"
}


@article{Davidson:2000hf,
      author         = "Davidson, Sacha and Hannestad, Steen and Raffelt, Georg",
      title          = "{Updated bounds on millicharged particles}",
      journal        = "JHEP",
      volume         = "05",
      year           = "2000",
      pages          = "003",
      doi            = "10.1088/1126-6708/2000/05/003",
      eprint         = "hep-ph/0001179",
      archivePrefix  = "arXiv",
      primaryClass   = "hep-ph",
      reportNumber   = "CERN-TH-99-384",
      SLACcitation   = "%%CITATION = HEP-PH/0001179;%%"
}

@techreport{Ahdida:2654870,
      author        = "Ahdida, C and others",
      title         = "{SHiP Experiment - Progress Report}",
      institution   = "CERN",
      collaboration = "SHiP Collaboration",
      address       = "Geneva",
      number        = "CERN-SPSC-2019-010. SPSC-SR-248",
      month         = "Jan",
      year          = "2019",
      reportNumber  = "CERN-SPSC-2019-010",
      url           = "https://cds.cern.ch/record/2654870",
}

@techreport{Ahdida:2650896,
      author        = "Ahdida, Claudia Christina and Calviani, Marco and Goddard, Brennan and Jacobsson, Richard and Lamont, Mike",
      title         = "{SPS Beam Dump Facility Comprehensive Design Study}",
      institution   = "CERN",
      address       = "Geneva",
      number        = "CERN-PBC-REPORT-2018-001",
      month         = "Dec",
      year          = "2018",
      reportNumber  = "CERN-PBC-REPORT-2018-001",
      url           = "https://cds.cern.ch/record/2650896",
}

@article{Anelli:2015pba,
      author         = "Anelli, M. and others",
      title          = "{A facility to Search for Hidden Particles (SHiP) at the
                        CERN SPS}",
      collaboration  = "SHiP",
      year           = "2015",
      eprint         = "1504.04956",
      archivePrefix  = "arXiv",
      primaryClass   = "physics.ins-det",
      reportNumber   = "CERN-SPSC-2015-016, SPSC-P-350",
      SLACcitation   = "%%CITATION = ARXIV:1504.04956;%%"
}

@article{Alekhin:2015byh,
      author         = "Alekhin, Sergey and others",
      title          = "{A facility to Search for Hidden Particles at the CERN
                        SPS: the SHiP physics case}",
      journal        = "Rept. Prog. Phys.",
      volume         = "79",
      year           = "2016",
      number         = "12",
      pages          = "124201",
      doi            = "10.1088/0034-4885/79/12/124201",
      eprint         = "1504.04855",
      archivePrefix  = "arXiv",
      primaryClass   = "hep-ph",
      reportNumber   = "CERN-SPSC-2015-017, SPSC-P-350-ADD-1",
      SLACcitation   = "%%CITATION = ARXIV:1504.04855;%%"
}

@article{Essig:2011nj,
      author         = "Essig, Rouven and Mardon, Jeremy and Volansky, Tomer",
      title          = "{Direct Detection of Sub-GeV Dark Matter}",
      journal        = "Phys. Rev.",
      volume         = "D85",
      year           = "2012",
      pages          = "076007",
      doi            = "10.1103/PhysRevD.85.076007",
      eprint         = "1108.5383",
      archivePrefix  = "arXiv",
      primaryClass   = "hep-ph",
      reportNumber   = "SLAC-PUB-14538",
      SLACcitation   = "%%CITATION = ARXIV:1108.5383;%%"
}
@article{Aguilar-Arevalo:2019wdi,
      author         = "Aguilar-Arevalo, A. and others",
      title          = "{Constraints on Light Dark Matter Particles Interacting
                        with Electrons from DAMIC at SNOLAB}",
      year           = "2019",
      eprint         = "1907.12628",
      archivePrefix  = "arXiv",
      primaryClass   = "astro-ph.CO",
      SLACcitation   = "%%CITATION = ARXIV:1907.12628;%%"
}
@article{Hochberg:2015fth,
      author         = "Hochberg, Yonit and Pyle, Matt and Zhao, Yue and Zurek,
                        Kathryn M.",
      title          = "{Detecting Superlight Dark Matter with Fermi-Degenerate
                        Materials}",
      journal        = "JHEP",
      volume         = "08",
      year           = "2016",
      pages          = "057",
      doi            = "10.1007/JHEP08(2016)057",
      eprint         = "1512.04533",
      archivePrefix  = "arXiv",
      primaryClass   = "hep-ph",
      SLACcitation   = "%%CITATION = ARXIV:1512.04533;%%"
}

@article{Hochberg:2016ntt,
      author         = "Hochberg, Yonit and Kahn, Yonatan and Lisanti, Mariangela
                        and Tully, Christopher G. and Zurek, Kathryn M.",
      title          = "{Directional detection of dark matter with
                        two-dimensional targets}",
      journal        = "Phys. Lett.",
      volume         = "B772",
      year           = "2017",
      pages          = "239-246",
      doi            = "10.1016/j.physletb.2017.06.051",
      eprint         = "1606.08849",
      archivePrefix  = "arXiv",
      primaryClass   = "hep-ph",
      SLACcitation   = "%%CITATION = ARXIV:1606.08849;%%"
}
@inproceedings{Petricca:2017zdp,
      author         = "Petricca, F. and others",
      title          = "{First results on low-mass dark matter from the
                        CRESST-III experiment}",
      booktitle      = "{15th International Conference on Topics in Astroparticle
                        and Underground Physics (TAUP 2017) Sudbury, Ontario,
                        Canada, July 24-28, 2017}",
      collaboration  = "CRESST",
      year           = "2017",
      eprint         = "1711.07692",
      archivePrefix  = "arXiv",
      primaryClass   = "astro-ph.CO",
      SLACcitation   = "%%CITATION = ARXIV:1711.07692;%%"
}
@article{Essig:2015cda,
      author         = "Essig, Rouven and Fernandez-Serra, Marivi and Mardon,
                        Jeremy and Soto, Adrian and Volansky, Tomer and Yu,
                        Tien-Tien",
      title          = "{Direct Detection of sub-GeV Dark Matter with
                        Semiconductor Targets}",
      journal        = "JHEP",
      volume         = "05",
      year           = "2016",
      pages          = "046",
      doi            = "10.1007/JHEP05(2016)046",
      eprint         = "1509.01598",
      archivePrefix  = "arXiv",
      primaryClass   = "hep-ph",
      SLACcitation   = "%%CITATION = ARXIV:1509.01598;%%"
}

@article{Tiffenberg:2017aac,
      author         = "Tiffenberg, Javier and Sofo-Haro, Miguel and
                        Drlica-Wagner, Alex and Essig, Rouven and Guardincerri,
                        Yann and Holland, Steve and Volansky, Tomer and Yu,
                        Tien-Tien",
      title          = "{Single-electron and single-photon sensitivity with a
                        silicon Skipper CCD}",
      collaboration  = "SENSEI",
      journal        = "Phys. Rev. Lett.",
      volume         = "119",
      year           = "2017",
      number         = "13",
      pages          = "131802",
      doi            = "10.1103/PhysRevLett.119.131802",
      eprint         = "1706.00028",
      archivePrefix  = "arXiv",
      primaryClass   = "physics.ins-det",
      reportNumber   = "FERMILAB-PUB-17-183-AE-E-PPD, YITP-SB-16-25,
                        CERN-TH-2017-114",
      SLACcitation   = "%%CITATION = ARXIV:1706.00028;%%"
}
