@article{Aebischer:2019mlg,
      author         = "Aebischer, Jason and Altmannshofer, Wolfgang and
                        Guadagnoli, Diego and Reboud, Meril and Stangl, Peter and
                        Straub, David M.",
      title          = "{$B$-decay discrepancies after Moriond 2019}",
      year           = "2019",
      eprint         = "1903.10434",
      archivePrefix  = "arXiv",
      primaryClass   = "hep-ph",
      SLACcitation   = "%%CITATION = ARXIV:1903.10434;%%"
}

@article{Berlin:2018pwi,
      author         = "Berlin, Asher and Gori, Stefania and Schuster, Philip and
                        Toro, Natalia",
      title          = "{Dark Sectors at the Fermilab SeaQuest Experiment}",
      journal        = "Phys. Rev.",
      volume         = "D98",
      year           = "2018",
      number         = "3",
      pages          = "035011",
      doi            = "10.1103/PhysRevD.98.035011",
      eprint         = "1804.00661",
      archivePrefix  = "arXiv",
      primaryClass   = "hep-ph",
      reportNumber   = "SLAC-PUB-17238",
      SLACcitation   = "%%CITATION = ARXIV:1804.00661;%%"
}

@article{deBlas:2019rxi,
      author         = "de Blas, J. and others",
      title          = "{Higgs Boson Studies at Future Particle Colliders}",
      year           = "2019",
      eprint         = "1905.03764",
      archivePrefix  = "arXiv",
      primaryClass   = "hep-ph",
      SLACcitation   = "%%CITATION = ARXIV:1905.03764;%%"
}

@article{Bobeth:2017vxj,
      author         = "Bobeth, Christoph and Chrzaszcz, Marcin and van Dyk,
                        Danny and Virto, Javier",
      title          = "{Long-distance effects in $B\rightarrow K^*\ell \ell $
                        from analyticity}",
      journal        = "Eur. Phys. J.",
      volume         = "C78",
      year           = "2018",
      number         = "6",
      pages          = "451",
      doi            = "10.1140/epjc/s10052-018-5918-6",
      eprint         = "1707.07305",
      archivePrefix  = "arXiv",
      primaryClass   = "hep-ph",
      reportNumber   = "EOS-2017-01, MIT-CTP-4918, TUM-HEP-1087-17, ZU-TH-17-17",
      SLACcitation   = "%%CITATION = ARXIV:1707.07305;%%"
}

@article{Jager:2012uw,
      author         = "Jaeger, S. and Martin Camalich, J.",
      title          = "{On $B \to  V \ell \ell$ at small dilepton invariant
                        mass, power corrections, and new physics}",
      journal        = "JHEP",
      volume         = "05",
      year           = "2013",
      pages          = "043",
      doi            = "10.1007/JHEP05(2013)043",
      eprint         = "1212.2263",
      archivePrefix  = "arXiv",
      primaryClass   = "hep-ph",
      SLACcitation   = "%%CITATION = ARXIV:1212.2263;%%"
}
@inproceedings{Zupan:2019uoi,
      author         = "Zupan, Jure",
      title          = "{Introduction to flavour physics}",
      booktitle      = "{2018 European School of High-Energy Physics (ESHEP2018)
                        Maratea, Italy, June 20-July 3, 2018}",
      year           = "2019",
      eprint         = "1903.05062",
      archivePrefix  = "arXiv",
      primaryClass   = "hep-ph",
      SLACcitation   = "%%CITATION = ARXIV:1903.05062;%%"
}

@article{Winkler:2018qyg,
      author         = "Winkler, Martin Wolfgang",
      title          = "{Decay and detection of a light scalar boson mixing with
                        the Higgs boson}",
      journal        = "Phys. Rev.",
      volume         = "D99",
      year           = "2019",
      number         = "1",
      pages          = "015018",
      doi            = "10.1103/PhysRevD.99.015018",
      eprint         = "1809.01876",
      archivePrefix  = "arXiv",
      primaryClass   = "hep-ph",
      reportNumber   = "NORDITA-2018-087",
      SLACcitation   = "%%CITATION = ARXIV:1809.01876;%%"
}

@article{Batell:2009jf,
      author         = "Batell, Brian and Pospelov, Maxim and Ritz, Adam",
      title          = "{Multi-lepton Signatures of a Hidden Sector in Rare B
                        Decays}",
      journal        = "Phys. Rev.",
      volume         = "D83",
      year           = "2011",
      pages          = "054005",
      doi            = "10.1103/PhysRevD.83.054005",
      eprint         = "0911.4938",
      archivePrefix  = "arXiv",
      primaryClass   = "hep-ph",
      SLACcitation   = "%%CITATION = ARXIV:0911.4938;%%"
}

@article{OConnell:2006rsp,
      author         = "O'Connell, Donal and Ramsey-Musolf, Michael J. and Wise,
                        Mark B.",
      title          = "{Minimal Extension of the Standard Model Scalar Sector}",
      journal        = "Phys. Rev.",
      volume         = "D75",
      year           = "2007",
      pages          = "037701",
      doi            = "10.1103/PhysRevD.75.037701",
      eprint         = "hep-ph/0611014",
      archivePrefix  = "arXiv",
      primaryClass   = "hep-ph",
      reportNumber   = "CALT-68-2614",
      SLACcitation   = "%%CITATION = HEP-PH/0611014;%%"
}

@article{Akesson:2018vlm,
      author         = "Akesson, Torsten and others",
      title          = "{Light Dark Matter eXperiment (LDMX)}",
      collaboration  = "LDMX",
      year           = "2018",
      eprint         = "1808.05219",
      archivePrefix  = "arXiv",
      primaryClass   = "hep-ex",
      reportNumber   = "FERMILAB-PUB-18-324-A, SLAC-PUB-17303",
      SLACcitation   = "%%CITATION = ARXIV:1808.05219;%%"
}

@article{Alpigiani:2018fgd,
      author         = "Alpigiani, Cristiano and others",
      title          = "{A Letter of Intent for MATHUSLA: A Dedicated Displaced
                        Vertex Detector above ATLAS or CMS.}",
      collaboration  = "MATHUSLA",
      year           = "2018",
      eprint         = "1811.00927",
      archivePrefix  = "arXiv",
      primaryClass   = "physics.ins-det",
      reportNumber   = "CERN-LHCC-2018-025, LHCC-I-031",
      SLACcitation   = "%%CITATION = ARXIV:1811.00927;%%"
}

@article{Chou:2016lxi,
      author         = "Chou, John Paul and Curtin, David and Lubatti, H. J.",
      title          = "{New Detectors to Explore the Lifetime Frontier}",
      journal        = "Phys. Lett.",
      volume         = "B767",
      year           = "2017",
      pages          = "29-36",
      doi            = "10.1016/j.physletb.2017.01.043",
      eprint         = "1606.06298",
      archivePrefix  = "arXiv",
      primaryClass   = "hep-ph",
      SLACcitation   = "%%CITATION = ARXIV:1606.06298;%%"
}

@article{Gligorov:2017nwh,
      author         = "Gligorov, Vladimir V. and Knapen, Simon and Papucci,
                        Michele and Robinson, Dean J.",
      title          = "{Searching for Long-lived Particles: A Compact Detector
                        for Exotics at LHCb}",
      journal        = "Phys. Rev.",
      volume         = "D97",
      year           = "2018",
      number         = "1",
      pages          = "015023",
      doi            = "10.1103/PhysRevD.97.015023",
      eprint         = "1708.09395",
      archivePrefix  = "arXiv",
      primaryClass   = "hep-ph",
      SLACcitation   = "%%CITATION = ARXIV:1708.09395;%%"
}

@article{Banerjee:2016tad,
      author         = "Banerjee, D. and others",
      title          = "{Search for invisible decays of sub-GeV dark photons in
                        missing-energy events at the CERN SPS}",
      collaboration  = "NA64",
      journal        = "Phys. Rev. Lett.",
      volume         = "118",
      year           = "2017",
      number         = "1",
      pages          = "011802",
      doi            = "10.1103/PhysRevLett.118.011802",
      eprint         = "1610.02988",
      archivePrefix  = "arXiv",
      primaryClass   = "hep-ex",
      SLACcitation   = "%%CITATION = ARXIV:1610.02988;%%"
}

@article{Gonnella:2017hsz,
      author         = "Gonnella, Francesco",
      title          = "{The NA62 experiment at CERN}",
      collaboration  = "NA62",
      journal        = "J. Phys. Conf. Ser.",
      volume         = "873",
      year           = "2017",
      number         = "1",
      pages          = "012015",
      doi            = "10.1088/1742-6596/873/1/012015",
      SLACcitation   = "%%CITATION = 00462,873,012015;%%"
}

@article{Feng:2017uoz,
      author         = "Feng, Jonathan L. and Galon, Iftah and Kling, Felix and
                        Trojanowski, Sebastian",
      title          = "{ForwArd Search ExpeRiment at the LHC}",
      journal        = "Phys. Rev.",
      volume         = "D97",
      year           = "2018",
      number         = "3",
      pages          = "035001",
      doi            = "10.1103/PhysRevD.97.035001",
      eprint         = "1708.09389",
      archivePrefix  = "arXiv",
      primaryClass   = "hep-ph",
      reportNumber   = "UCI-TR-2017-08",
      SLACcitation   = "%%CITATION = ARXIV:1708.09389;%%"
}

@article{OConnell:2006rsp,
      author         = "O'Connell, Donal and Ramsey-Musolf, Michael J. and Wise,
                        Mark B.",
      title          = "{Minimal Extension of the Standard Model Scalar Sector}",
      journal        = "Phys. Rev.",
      volume         = "D75",
      year           = "2007",
      pages          = "037701",
      doi            = "10.1103/PhysRevD.75.037701",
      eprint         = "hep-ph/0611014",
      archivePrefix  = "arXiv",
      primaryClass   = "hep-ph",
      reportNumber   = "CALT-68-2614",
      SLACcitation   = "%%CITATION = HEP-PH/0611014;%%"
}

@article{Jaeckel:2010ni,
      author         = "Jaeckel, Joerg and Ringwald, Andreas",
      title          = "{The Low-Energy Frontier of Particle Physics}",
      journal        = "Ann. Rev. Nucl. Part. Sci.",
      volume         = "60",
      year           = "2010",
      pages          = "405-437",
      doi            = "10.1146/annurev.nucl.012809.104433",
      eprint         = "1002.0329",
      archivePrefix  = "arXiv",
      primaryClass   = "hep-ph",
      reportNumber   = "CPT-10-18, DESY-10-016, IPPP-10-09",
      SLACcitation   = "%%CITATION = ARXIV:1002.0329;%%"
}

@article{Alekhin:2015byh,
      author         = "Alekhin, Sergey and others",
      title          = "{A facility to Search for Hidden Particles at the CERN
                        SPS: the SHiP physics case}",
      journal        = "Rept. Prog. Phys.",
      volume         = "79",
      year           = "2016",
      number         = "12",
      pages          = "124201",
      doi            = "10.1088/0034-4885/79/12/124201",
      eprint         = "1504.04855",
      archivePrefix  = "arXiv",
      primaryClass   = "hep-ph",
      reportNumber   = "CERN-SPSC-2015-017, SPSC-P-350-ADD-1",
      SLACcitation   = "%%CITATION = ARXIV:1504.04855;%%"
}

@article{Gorbunov:2007ak,
      author         = "Gorbunov, Dmitry and Shaposhnikov, Mikhail",
      title          = "{How to find neutral leptons of the $\nu$MSM?}",
      journal        = "JHEP",
      volume         = "10",
      year           = "2007",
      pages          = "015",
      doi            = "10.1007/JHEP11(2013)101, 10.1088/1126-6708/2007/10/015",
      note           = "[Erratum: JHEP11,101(2013)]",
      eprint         = "0705.1729",
      archivePrefix  = "arXiv",
      primaryClass   = "hep-ph",
      SLACcitation   = "%%CITATION = ARXIV:0705.1729;%%"
}

@article{Wilczek:1982rv,
      author         = "Wilczek, Frank",
      title          = "{Axions and Family Symmetry Breaking}",
      journal        = "Phys. Rev. Lett.",
      volume         = "49",
      year           = "1982",
      pages          = "1549-1552",
      doi            = "10.1103/PhysRevLett.49.1549",
      SLACcitation   = "%%CITATION = PRLTA,49,1549;%%"
}

@article{Ema:2016ops,
      author         = "Ema, Yohei and Hamaguchi, Koichi and Moroi, Takeo and
                        Nakayama, Kazunori",
      title          = "{Flaxion: a minimal extension to solve puzzles in the
                        standard model}",
      journal        = "JHEP",
      volume         = "01",
      year           = "2017",
      pages          = "096",
      doi            = "10.1007/JHEP01(2017)096",
      eprint         = "1612.05492",
      archivePrefix  = "arXiv",
      primaryClass   = "hep-ph",
      reportNumber   = "UT-16-36, IPMU16-0189",
      SLACcitation   = "%%CITATION = ARXIV:1612.05492;%%"
}

@article{Calibbi:2016hwq,
      author         = "Calibbi, Lorenzo and Goertz, Florian and Redigolo, Diego
                        and Ziegler, Robert and Zupan, Jure",
      title          = "{Minimal axion model from flavor}",
      journal        = "Phys. Rev.",
      volume         = "D95",
      year           = "2017",
      number         = "9",
      pages          = "095009",
      doi            = "10.1103/PhysRevD.95.095009",
      eprint         = "1612.08040",
      archivePrefix  = "arXiv",
      primaryClass   = "hep-ph",
      reportNumber   = "TTP16-058, CERN-TH-2016-261",
      SLACcitation   = "%%CITATION = ARXIV:1612.08040;%%"
}

@article{Kamenik:2011vy,
      author         = "Kamenik, Jernej F. and Smith, Christopher",
      title          = "{FCNC portals to the dark sector}",
      journal        = "JHEP",
      volume         = "03",
      year           = "2012",
      pages          = "090",
      doi            = "10.1007/JHEP03(2012)090",
      eprint         = "1111.6402",
      archivePrefix  = "arXiv",
      primaryClass   = "hep-ph",
      SLACcitation   = "%%CITATION = ARXIV:1111.6402;%%"
}

@article{Bird:2004ts,
      author         = "Bird, Chris and Jackson, Paul and Kowalewski, Robert V.
                        and Pospelov, Maxim",
      title          = "{Search for dark matter in $b \to s$ transitions with
                        missing energy}",
      journal        = "Phys. Rev. Lett.",
      volume         = "93",
      year           = "2004",
      pages          = "201803",
      doi            = "10.1103/PhysRevLett.93.201803",
      eprint         = "hep-ph/0401195",
      archivePrefix  = "arXiv",
      primaryClass   = "hep-ph",
      reportNumber   = "UVIC-TH-04-02",
      SLACcitation   = "%%CITATION = HEP-PH/0401195;%%"
}

@inproceedings{Luo:2018njj,
      author         = "Luo, Qing and Xu, Derong",
      title          = "{Progress on Preliminary Conceptual Study of HIEPA, a
                        Super Tau-Charm Factory in China}",
      booktitle      = "{Proceedings, 9th International Particle Accelerator
                        Conference (IPAC 2018): Vancouver, BC Canada}",
      year           = "2018",
      pages          = "MOPML013",
      doi            = "10.18429/JACoW-IPAC2018-MOPML013",
      SLACcitation   = "%%CITATION = INSPIRE-1691452;%%"
}

@article{Kou:2018nap,
      author         = "Altmannshofer, W. and others",
      editor         = "Kou, E. and Urquijo, P.",
      title          = "{The Belle II Physics Book}",
      collaboration  = "Belle-II",
      year           = "2018",
      eprint         = "1808.10567",
      archivePrefix  = "arXiv",
      primaryClass   = "hep-ex",
      reportNumber   = "KEK Preprint 2018-27, BELLE2-PUB-PH-2018-001,
                        FERMILAB-PUB-18-398-T, JLAB-THY-18-2780, INT-PUB-18-047,
                        UWThPh 2018-26",
      SLACcitation   = "%%CITATION = ARXIV:1808.10567;%%"
}


@article{Abada:2019lih,
      author         = "Abada, A. and others",
      title          = "{FCC Physics Opportunities}",
      collaboration  = "FCC",
      journal        = "Eur. Phys. J.",
      volume         = "C79",
      year           = "2019",
      number         = "6",
      pages          = "474",
      doi            = "10.1140/epjc/s10052-019-6904-3",
      reportNumber   = "CERN-ACC-2018-0056",
      SLACcitation   = "%%CITATION = EPHJA,C79,474;%%"
}

@article{deBlas:2018mhx,
      author         = "de Blas, J. and others",
      title          = "{The CLIC Potential for New Physics}",
      year           = "2018",
      doi            = "10.23731/CYRM-2018-003",
      eprint         = "1812.02093",
      archivePrefix  = "arXiv",
      primaryClass   = "hep-ph",
      reportNumber   = "CERN-TH-2018-267, CERN-2018-009-M",
      SLACcitation   = "%%CITATION = ARXIV:1812.02093;%%"
}

@article{Akhmedov:1998qx,
      author         = "Akhmedov, Evgeny K. and Rubakov, V. A. and Smirnov, A.
                        {\relax Yu}.",
      title          = "{Baryogenesis via neutrino oscillations}",
      journal        = "Phys. Rev. Lett.",
      volume         = "81",
      year           = "1998",
      pages          = "1359-1362",
      doi            = "10.1103/PhysRevLett.81.1359",
      eprint         = "hep-ph/9803255",
      archivePrefix  = "arXiv",
      primaryClass   = "hep-ph",
      reportNumber   = "IC-98-22, INR-98-14-T",
      SLACcitation   = "%%CITATION = HEP-PH/9803255;%%"
}

% -- include here the bibtex style bibliography items for your section

@article{Heinemann:2019trx,
      author         = "Heinemann, Beate and Nir, Yosef",
      title          = "{The Higgs program and open questions in particle physics
                        and cosmology}",
      year           = "2019",
      eprint         = "1905.00382",
      archivePrefix  = "arXiv",
      primaryClass   = "hep-ph",
      SLACcitation   = "%%CITATION = ARXIV:1905.00382;%%"
}


@article{Elor:2018twp,
      author         = "Elor, Gilly and Escudero, Miguel and Nelson, Ann",
      title          = "{Baryogenesis and Dark Matter from $B$ Mesons}",
      journal        = "Phys. Rev.",
      volume         = "D99",
      year           = "2019",
      number         = "3",
      pages          = "035031",
      doi            = "10.1103/PhysRevD.99.035031",
      eprint         = "1810.00880",
      archivePrefix  = "arXiv",
      primaryClass   = "hep-ph",
      reportNumber   = "KCL-18-53, IFIC-18-35",
      SLACcitation   = "%%CITATION = ARXIV:1810.00880;%%"
}

@article{Nelson:2019fln,
      author         = "Nelson, Ann E. and Xiao, Huangyu",
      title          = "{Baryogenesis from B Meson Oscillations}",
      year           = "2019",
      eprint         = "1901.08141",
      archivePrefix  = "arXiv",
      primaryClass   = "hep-ph",
      SLACcitation   = "%%CITATION = ARXIV:1901.08141;%%"
}

@article{Beacham:2019nyx,
      author         = "Beacham, J. and others",
      title          = "{Physics Beyond Colliders at CERN: Beyond the Standard
                        Model Working Group Report}",
      year           = "2019",
      eprint         = "1901.09966",
      archivePrefix  = "arXiv",
      primaryClass   = "hep-ex",
      reportNumber   = "CERN-PBC-REPORT-2018-007",
      SLACcitation   = "%%CITATION = ARXIV:1901.09966;%%"
}

@inproceedings{Nir:2016zkd,
      author         = "Nir, Y.",
      title          = "{Flavour Physics and CP Violation}",
      booktitle      = "{Proceedings, 7th CERN?Latin-American School of
                        High-Energy Physics (CLASHEP2013): Arequipa, Peru, March
                        6-19, 2013}",
      year           = "2015",
      pages          = "123-156",
      doi            = "10.5170/CERN-2015-001.123",
      eprint         = "1605.00433",
      archivePrefix  = "arXiv",
      primaryClass   = "hep-ph",
      SLACcitation   = "%%CITATION = ARXIV:1605.00433;%%"
} 

@article{CMS:2014xfa,
      author         = "Khachatryan, Vardan and others",
      title          = "{Observation of the rare $B^0_s\to\mu^+\mu^-$ decay from
                        the combined analysis of CMS and LHCb data}",
      collaboration  = "CMS, LHCb",
      journal        = "Nature",
      volume         = "522",
      year           = "2015",
      pages          = "68-72",
      doi            = "10.1038/nature14474",
      eprint         = "1411.4413",
      archivePrefix  = "arXiv",
      primaryClass   = "hep-ex",
      reportNumber   = "CERN-PH-EP-2014-220, CMS-BPH-13-007, LHCB-PAPER-2014-049",
      SLACcitation   = "%%CITATION = ARXIV:1411.4413;%%"
}

@article{Aaij:2018uns,
      author         = "Aaij, Roel and others",
      title          = "{Measurement of the CKM angle $\gamma$ using $B^\pm\to
                        DK^\pm$ with $D\to K_\text{S}^0\pi^+\pi^-$,
                        $K_\text{S}^0K^+K^-$ decays}",
      collaboration  = "LHCb",
      journal        = "JHEP",
      volume         = "08",
      year           = "2018",
      pages          = "176",
      doi            = "10.1007/JHEP10(2018)107, 10.1007/JHEP08(2018)176",
      note           = "[erratum: JHEP10,107(2018)]",
      eprint         = "1806.01202",
      archivePrefix  = "arXiv",
      primaryClass   = "hep-ex",
      reportNumber   = "LHCb-PAPER-2018-017, CERN-EP-2018-135,
                        LHCB-PAPER-2018-017, LHCb-PAPER-2018-017;
                        CERN-EP-2018-135",
      SLACcitation   = "%%CITATION = ARXIV:1806.01202;%%"
}


@article{ATLAS:2019akj,
      title          = "{Measurement of the CP violation phase $\phi_{s}$ in
                        $B_{s}\to J/\psi \phi$ decays in ATLAS at 13 TeV}",
      collaboration  = "ATLAS",
      year           = "2019",
      journal   = "ATLAS-CONF-2019-009",
      SLACcitation   = "%%CITATION = ATLAS-CONF-2019-009;%%"
}


@article{Govorkova:2019jlz,
      author         = "Govorkova, Ekaterina",
      title          = "{Mixing and time-dependent CP violation in beauty at
                        LHCb}",
      collaboration  = "LHCb",
      year           = "2019",
      eprint         = "1905.08465",
      archivePrefix  = "arXiv",
      primaryClass   = "hep-ex",
      SLACcitation   = "%%CITATION = ARXIV:1905.08465;%%"
}

@article{Aaij:2013iua,
      author         = "Aaij, R and others",
      title          = "{First observation of $CP$ violation in the decays of
                        $B^0_s$ mesons}",
      collaboration  = "LHCb",
      journal        = "Phys. Rev. Lett.",
      volume         = "110",
      year           = "2013",
      number         = "22",
      pages          = "221601",
      doi            = "10.1103/PhysRevLett.110.221601",
      eprint         = "1304.6173",
      archivePrefix  = "arXiv",
      primaryClass   = "hep-ex",
      reportNumber   = "CERN-PH-EP-2013-068, LHCB-PAPER-2013-018",
      SLACcitation   = "%%CITATION = ARXIV:1304.6173;%%"
}


@article{Aaij:2019wad,
 author         = "Aaij, Roel and others", 
 title          = "{Search for lepton-universality violation in $B^+\to                          K^+\ell^+\ell^-$ decays}",  
collaboration  = "LHCb", 
journal        = "Phys. Rev. Lett.",
volume         = "122",
year           = "2019", 
number         = "19",
pages          = "191801", 
doi            = "10.1103/PhysRevLett.122.191801",
eprint         = "1903.09252", 
archivePrefix  = "arXiv",  
primaryClass   = "hep-ex",  
reportNumber   = "LHCb-PAPER-2019-009, CERN-EP-2019-043,                         LHCb-PAPER-2019-009 CERN-EP-2019-043",  
SLACcitation   = "%%CITATION = ARXIV:1903.09252;%%" 
}
 
@article{Abdesselam:2019wac,      
author         = "Abdesselam, A. and others", title          = "{Test of lepton flavor universality in ${B\to       K^\ast\ell^+\ell^-}$ decays at Belle}",      collaboration  = "Belle", 
year           = "2019",  
eprint         = "1904.02440",       archivePrefix  = "arXiv", 
primaryClass   = "hep-ex",  
reportNumber   = "BELLE-CONF-1901",       SLACcitation   = "%%CITATION = ARXIV:1904.02440;%%" 
}
@article{Abdesselam:2019dgh,      
author         = "Abdesselam, A. and others", title          = "{Measurement of $\mathcal{R}(D)$ and                         $\mathcal{R}(D^{\ast})$ with a semileptonic tagging method}",    
collaboration  = "Belle", 
year           = "2019",     
eprint         = "1904.08794",       archivePrefix  = "arXiv",  
primaryClass   = "hep-ex",   
SLACcitation   = "%%CITATION = ARXIV:1904.08794;%%"
} 

@article{Bediaga:2018lhg,
      author         = "Aaij, Roel and others",
      title          = "{Physics case for an LHCb Upgrade II - Opportunities in
                        flavour physics, and beyond, in the HL-LHC era}",
      collaboration  = "LHCb",
      year           = "2018",
      eprint         = "1808.08865",
      archivePrefix  = "arXiv",
      reportNumber   = "LHCB-PUB-2018-009, CERN-LHCC-2018-027",
      SLACcitation   = "%%CITATION = ARXIV:1808.08865;%%"
}
@article{Cerri:2018ypt,
      author         = "Cerri, A. and others",
      title          = "{Opportunities in Flavour Physics at the HL-LHC and
                        HE-LHC}",
      year           = "2018",
      eprint         = "1812.07638",
      archivePrefix  = "arXiv",
      primaryClass   = "hep-ph",
      reportNumber   = "CERN-LPCC-2018-06",
      SLACcitation   = "%%CITATION = ARXIV:1812.07638;%%"
}


@article{Cerri:2018ypt,
      author         = "Cerri, A. and others",
      title          = "{Opportunities in Flavour Physics at the HL-LHC and
                        HE-LHC}",
      year           = "2018",
      eprint         = "1812.07638",
      archivePrefix  = "arXiv",
      primaryClass   = "hep-ph",
      reportNumber   = "CERN-LPCC-2018-06",
      SLACcitation   = "%%CITATION = ARXIV:1812.07638;%%"
}

@article{Aaij:2019kcg,
      author         = "Aaij, Roel and others",
      title          = "{Observation of $C\!P$ violation in charm decays}",
      collaboration  = "LHCb",
      year           = "2019",
      eprint         = "1903.08726",
      archivePrefix  = "arXiv",
      primaryClass   = "hep-ex",
      reportNumber   = "LHCb-PAPER-2019-006, CERN-EP-2019-042",
      SLACcitation   = "%%CITATION = ARXIV:1903.08726;%%"
}
@article{Aaij:2015tga,
      author         = "Aaij, Roel and others",
      title          = "{Observation of $J/\psi p$ Resonances Consistent with
                        Pentaquark States in $\Lambda_b^0 \to J/\psi K^- p$
                        Decays}",
      collaboration  = "LHCb",
      journal        = "Phys. Rev. Lett.",
      volume         = "115",
      year           = "2015",
      pages          = "072001",
      doi            = "10.1103/PhysRevLett.115.072001",
      eprint         = "1507.03414",
      archivePrefix  = "arXiv",
      primaryClass   = "hep-ex",
      reportNumber   = "CERN-PH-EP-2015-153, LHCB-PAPER-2015-029",
      SLACcitation   = "%%CITATION = ARXIV:1507.03414;%%"
}
@article{Aaij:2019vzc,
      author         = "Aaij, Roel and others",
      title          = "{Observation of a narrow pentaquark state, $P_c(4312)^+$,
                        and of two-peak structure of the $P_c(4450)^+$}",
      collaboration  = "LHCb",
      journal        = "Submitted to: Phys. Rev. Lett.",
      year           = "2019",
      eprint         = "1904.03947",
      archivePrefix  = "arXiv",
      primaryClass   = "hep-ex",
      reportNumber   = "LHCb-PAPER-2019-014 CERN-EP-2019-058",
      SLACcitation   = "%%CITATION = ARXIV:1904.03947;%%"
}
@article{Lees:2013uzd,
      author         = "Lees, J. P. and others",
      title          = "{Measurement of an Excess of $\bar{B} \to D^{(*)}\tau^-
                        \bar{\nu}_\tau$ Decays and Implications for Charged Higgs
                        Bosons}",
      collaboration  = "BaBar",
      journal        = "Phys. Rev.",
      volume         = "D88",
      year           = "2013",
      number         = "7",
      pages          = "072012",
      doi            = "10.1103/PhysRevD.88.072012",
      eprint         = "1303.0571",
      archivePrefix  = "arXiv",
      primaryClass   = "hep-ex",
      reportNumber   = "BABAR-PUB-13-001, SLAC-PUB-15381",
      SLACcitation   = "%%CITATION = ARXIV:1303.0571;%%"
}
@article{PhysRevLett.103.171801,
  title = {Measurement of the Differential Branching Fraction and Forward-Backward Asymmetry for $B\ensuremath{\rightarrow}{K}^{(*)}{l}^{+}{l}^{\ensuremath{-}}$},
  author = {Wei, J.-T and others},
  collaboration = {Belle Collaboration},
  journal = {Phys. Rev. Lett.},
  volume = {103},
  issue = {17},
  pages = {171801},
  numpages = {6},
  year = {2009},
  month = {Oct},
  publisher = {American Physical Society},
  doi = {10.1103/PhysRevLett.103.171801},
  url = {https://link.aps.org/doi/10.1103/PhysRevLett.103.171801}
}
@article{PhysRevD.86.032012,
  title = {Measurement of branching fractions and rate asymmetries in the rare decays $B\ensuremath{\rightarrow}{K}^{(*)}{\ensuremath{\ell}}^{+}{\ensuremath{\ell}}^{\ensuremath{-}}$},
  author = {Lees, J. P. and others},
  collaboration = {BABAR Collaboration},
  journal = {Phys. Rev. D},
  volume = {86},
  issue = {3},
  pages = {032012},
  numpages = {15},
  year = {2012},
  month = {Aug},
  publisher = {American Physical Society},
  doi = {10.1103/PhysRevD.86.032012},
  url = {https://link.aps.org/doi/10.1103/PhysRevD.86.032012}
}
@article{PhysRevLett.113.151601,
  title = {Test of Lepton Universality Using ${B}^{+}\ensuremath{\rightarrow}{K}^{+}{\ensuremath{\ell}}^{+}{\ensuremath{\ell}}^{\ensuremath{-}}$ Decays},
  author = {Aaij, R. and others},
  collaboration = {LHCb Collaboration},
  journal = {Phys. Rev. Lett.},
  volume = {113},
  issue = {15},
  pages = {151601},
  numpages = {10},
  year = {2014},
  month = {Oct},
  publisher = {American Physical Society},
  doi = {10.1103/PhysRevLett.113.151601},
  url = {https://link.aps.org/doi/10.1103/PhysRevLett.113.151601}
}
@article{Aaij:2017uff,
      author         = "Aaij, R. and others",
      title          = "{Measurement of the ratio of the $B^0 \to D^{*-} \tau^+
                        \nu_{\tau}$ and $B^0 \to D^{*-} \mu^+ \nu_{\mu}$ branching
                        fractions using three-prong $\tau$-lepton decays}",
      collaboration  = "LHCb",
      journal        = "Phys. Rev. Lett.",
      volume         = "120",
      year           = "2018",
      number         = "17",
      pages          = "171802",
      doi            = "10.1103/PhysRevLett.120.171802",
      eprint         = "1708.08856",
      archivePrefix  = "arXiv",
      primaryClass   = "hep-ex",
      reportNumber   = "LHCB-PAPER-2017-017, CERN-EP-2017-212",
      SLACcitation   = "%%CITATION = ARXIV:1708.08856;%%"
}
@article{PhysRevLett.109.101802,
  title = {Evidence for an Excess of $\overline{B}\ensuremath{\rightarrow}{D}^{(*)}{\ensuremath{\tau}}^{\ensuremath{-}}{\overline{\ensuremath{\nu}}}_{\ensuremath{\tau}}$ Decays},
  author = {Lees, J. P. and others},
  collaboration = {BABAR Collaboration},
  journal = {Phys. Rev. Lett.},
  volume = {109},
  issue = {10},
  pages = {101802},
  numpages = {8},
  year = {2012},
  month = {Sep},
  publisher = {American Physical Society},
  doi = {10.1103/PhysRevLett.109.101802},
  url = {https://link.aps.org/doi/10.1103/PhysRevLett.109.101802}
}
@article{PhysRevD.88.072012,
  title = {Measurement of an excess of $\overline{B}\ensuremath{\rightarrow}{D}^{\mathbf{(}*\mathbf{)}}{\ensuremath{\tau}}^{\mathbf{\ensuremath{-}}}{\overline{\ensuremath{\nu}}}_{\ensuremath{\tau}}$ decays and implications for charged Higgs bosons},
  author = {Lees, J. P. and others},
  collaboration = {The BABAR Collaboration},
  journal = {Phys. Rev. D},
  volume = {88},
  issue = {7},
  pages = {072012},
  numpages = {30},
  year = {2013},
  month = {Oct},
  publisher = {American Physical Society},
  doi = {10.1103/PhysRevD.88.072012},
  url = {https://link.aps.org/doi/10.1103/PhysRevD.88.072012}
}
@article{PhysRevD.92.072014,
  title = {Measurement of the branching ratio of $\overline{B}\ensuremath{\rightarrow}{D}^{(*)}{\ensuremath{\tau}}^{\ensuremath{-}}{\overline{\ensuremath{\nu}}}_{\ensuremath{\tau}}$ relative to $\overline{B}\ensuremath{\rightarrow}{D}^{(*)}{\ensuremath{\ell}}^{\ensuremath{-}}{\overline{\ensuremath{\nu}}}_{\ensuremath{\ell}}$ decays with hadronic tagging at Belle},
  author = {Huschle, M. and others},
  collaboration = {Belle Collaboration},
  journal = {Phys. Rev. D},
  volume = {92},
  issue = {7},
  pages = {072014},
  numpages = {14},
  year = {2015},
  month = {Oct},
  publisher = {American Physical Society},
  doi = {10.1103/PhysRevD.92.072014},
  url = {https://link.aps.org/doi/10.1103/PhysRevD.92.072014}
}
@article{PhysRevD.94.072007,
  title = {Measurement of the branching ratio of ${\overline{B}}^{0}\ensuremath{\rightarrow}{D}^{*+}{\ensuremath{\tau}}^{\ensuremath{-}}{\overline{\ensuremath{\nu}}}_{\ensuremath{\tau}}$ relative to ${\overline{B}}^{0}\ensuremath{\rightarrow}{D}^{*+}{\ensuremath{\ell}}^{\ensuremath{-}}{\overline{\ensuremath{\nu}}}_{\ensuremath{\ell}}$ decays with a semileptonic tagging method},
  author = {Sato, Y. and others},
  collaboration = {Belle Collaboration},
  journal = {Phys. Rev. D},
  volume = {94},
  issue = {7},
  pages = {072007},
  numpages = {12},
  year = {2016},
  month = {Oct},
  publisher = {American Physical Society},
  doi = {10.1103/PhysRevD.94.072007},
  url = {https://link.aps.org/doi/10.1103/PhysRevD.94.072007}
}
@article{PhysRevLett.115.111803,
  title = {Measurement of the Ratio of Branching Fractions $\mathcal{B}({\overline{B}}^{0}\ensuremath{\rightarrow}{D}^{*+}{\ensuremath{\tau}}^{\ensuremath{-}}{\overline{\ensuremath{\nu}}}_{\ensuremath{\tau}})/\mathcal{B}({\overline{B}}^{0}\ensuremath{\rightarrow}{D}^{*+}{\ensuremath{\mu}}^{\ensuremath{-}}{\overline{\ensuremath{\nu}}}_{\ensuremath{\mu}})$},
  author = {Aaij, R. and others},
  collaboration = {LHCb Collaboration},
  journal = {Phys. Rev. Lett.},
  volume = {115},
  issue = {11},
  pages = {111803},
  numpages = {10},
  year = {2015},
  month = {Sep},
  publisher = {American Physical Society},
  doi = {10.1103/PhysRevLett.115.111803},
  url = {https://link.aps.org/doi/10.1103/PhysRevLett.115.111803}
}
@article{PhysRevLett.118.211801,
  title = {Measurement of the $\ensuremath{\tau}$ Lepton Polarization and $R({D}^{*})$ in the Decay $\overline{B}\ensuremath{\rightarrow}{D}^{*}{\ensuremath{\tau}}^{\ensuremath{-}}{\overline{\ensuremath{\nu}}}_{\ensuremath{\tau}}$},
  author = {Hirose, S. and others},
  collaboration = {Belle Collaboration},
  journal = {Phys. Rev. Lett.},
  volume = {118},
  issue = {21},
  pages = {211801},
  numpages = {7},
  year = {2017},
  month = {May},
  publisher = {American Physical Society},
  doi = {10.1103/PhysRevLett.118.211801},
  url = {https://link.aps.org/doi/10.1103/PhysRevLett.118.211801}
}
@article{PhysRevD.97.072013,
  title = {Test of lepton flavor universality by the measurement of the ${B}^{0}\ensuremath{\rightarrow}{{D}^{*}}^{\ensuremath{-}}{\ensuremath{\tau}}^{+}{\ensuremath{\nu}}_{\ensuremath{\tau}}$ branching fraction using three-prong $\ensuremath{\tau}$ decays},
  author = {Aaij, R. and others},
  collaboration = {LHCb Collaboration},
  journal = {Phys. Rev. D},
  volume = {97},
  issue = {7},
  pages = {072013},
  numpages = {26},
  year = {2018},
  month = {Apr},
  publisher = {American Physical Society},
  doi = {10.1103/PhysRevD.97.072013},
  url = {https://link.aps.org/doi/10.1103/PhysRevD.97.072013}
}

@article{Afach:2015sja,
      author         = "Pendlebury, J. M. and others",
      title          = "{Revised experimental upper limit on the electric dipole
                        moment of the neutron}",
      journal        = "Phys. Rev.",
      volume         = "D92",
      year           = "2015",
      number         = "9",
      pages          = "092003",
      doi            = "10.1103/PhysRevD.92.092003",
      eprint         = "1509.04411",
      archivePrefix  = "arXiv",
      primaryClass   = "hep-ex",
      SLACcitation   = "%%CITATION = ARXIV:1509.04411;%%"
}
@article{Andreev:2018ayy,
      author         = "Andreev, V. and others",
      title          = "{Improved limit on the electric dipole moment of the
                        electron}",
      collaboration  = "ACME",
      journal        = "Nature",
      volume         = "562",
      year           = "2018",
      number         = "7727",
      pages          = "355-360",
      doi            = "10.1038/s41586-018-0599-8",
      SLACcitation   = "%%CITATION = NATUA,562,355;%%"
}
@article{Graner:2016ses,
      author         = "Graner, B. and Chen, Y. and Lindahl, E. G. and Heckel, B.
                        R.",
      title          = "{Reduced Limit on the Permanent Electric Dipole Moment of
                        Hg199}",
      journal        = "Phys. Rev. Lett.",
      volume         = "116",
      year           = "2016",
      number         = "16",
      pages          = "161601",
      doi            = "10.1103/PhysRevLett.119.119901,
                        10.1103/PhysRevLett.116.161601",
      note           = "[Erratum: Phys. Rev. Lett.119, no.11, 119901(2017)]",
      eprint         = "1601.04339",
      archivePrefix  = "arXiv",
      primaryClass   = "physics.atom-ph",
      SLACcitation   = "%%CITATION = ARXIV:1601.04339;%%"
}
@article{Bennett:2008dy,
      author         = "Bennett, G. W. and others",
      title          = "{An Improved Limit on the Muon Electric Dipole Moment}",
      collaboration  = "Muon (g-2)",
      journal        = "Phys. Rev.",
      volume         = "D80",
      year           = "2009",
      pages          = "052008",
      doi            = "10.1103/PhysRevD.80.052008",
      eprint         = "0811.1207",
      archivePrefix  = "arXiv",
      primaryClass   = "hep-ex",
      SLACcitation   = "%%CITATION = ARXIV:0811.1207;%%"
}
@article{Chupp:2017rkp,
      author         = "Chupp, Timothy and Fierlinger, Peter and Ramsey-Musolf,
                        Michael and Singh, Jaideep",
      title          = "{Electric dipole moments of atoms, molecules, nuclei, and
                        particles}",
      journal        = "Rev. Mod. Phys.",
      volume         = "91",
      year           = "2019",
      number         = "1",
      pages          = "015001",
      doi            = "10.1103/RevModPhys.91.015001",
      eprint         = "1710.02504",
      archivePrefix  = "arXiv",
      primaryClass   = "physics.atom-ph",
      reportNumber   = "ACFI-T17-18",
      SLACcitation   = "%%CITATION = ARXIV:1710.02504;%%"
}
@article{Baryshevsky:2019vou,
      author         = "Baryshevsky, V. G.",
      title          = "{Electromagnetic dipole moments and time reversal
                        violating interactions for high energy charged baryons in
                        bent crystals at LHC}",
      journal        = "Eur. Phys. J.",
      volume         = "C79",
      year           = "2019",
      number         = "4",
      pages          = "350",
      doi            = "10.1140/epjc/s10052-019-6857-6",
      SLACcitation   = "%%CITATION = EPHJA,C79,350;%%"
}
@article{Mazzolari:2018hsu,
      author         = "Mazzolari, A. and Romagnoni, M. and Camattari, R. and
                        Bagli, E. and Bandiera, L. and Germogli, G. and Guidi, V.
                        and Cavoto, G.",
      title          = "{Bent crystals for efficient beam steering of multi
                        TeV-particle beams}",
      journal        = "Eur. Phys. J.",
      volume         = "C78",
      year           = "2018",
      number         = "9",
      pages          = "720",
      doi            = "10.1140/epjc/s10052-018-6196-z",
      SLACcitation   = "%%CITATION = EPHJA,C78,720;%%"
}

@misc{HFLAVSPRING19,
  author = {HFLAV},
  title = {Average of R(D) and R(D*+) for Spring 2019},
  year = {2019},
  url = {https://hflav-eos.web.cern.ch/hflav-eos/semi/spring19/html/RDsDsstar/RDRDs.html}
}
%gigaZ
@inproceedings{Irles:2019xny, 
author         = "Irles, A. and Poeschl, R. and Richard, F. and Yamamoto,                         H.",       
title          = "{Complementarity between ILC250 and ILC-GigaZ}",       booktitle      = "{Linear Collider Community Meeting Lausanne, Switzerland,                         April 8-9, 2019}",     
year           = "2019",       
eprint         = "1905.00220",       
archivePrefix  = "arXiv",       
primaryClass   = "hep-ex",       
SLACcitation   = "%%CITATION = ARXIV:1905.00220;%%" }

%BLONDEL risposte

@inproceedings{Blondel:2019yqr, 
author         = "Alipour Tehrani, N. and others",     
editor         = "Blondel, A. and Janot, P.",      
title          = "{FCC-ee: Your Questions Answered}",   
booktitle      = "{CERN Council Open Symposium on the Update of European                         Strategy for Particle Physics (EPPSU) Granada, Spain, May                         13-16, 2019}",      
year           = "2019",     
eprint         = "1906.02693",     
archivePrefix  = "arXiv",       
primaryClass   = "hep-ph",      
SLACcitation   = "%%CITATION = ARXIV:1906.02693;%%" }
}
%CEPC

@misc{CEPC_INPUT,
  author = {Manqi Ruan },  
title = {CEPC Input to the European Particle Physics Strategy  Update2018-2020}, 
  year = {2018},
  url = {http://cepc.ihep.ac.cn/CEPC_Accelerator_Addendum/CEPC_Physics_Detector_MainText.pdf }
}

@article{Crivellin:2018qmi,
      author         = "Crivellin, Andreas and Hoferichter, Martin and
                        Schmidt-Wellenburg, Philipp",
      title          = "{Combined explanations of $(g-2)_{\mu,e}$ and implications
                        for a large muon EDM}",
      journal        = "Phys. Rev.",
      volume         = "D98",
      year           = "2018",
      number         = "11",
      pages          = "113002",
      doi            = "10.1103/PhysRevD.98.113002",
      eprint         = "1807.11484",
      archivePrefix  = "arXiv",
      primaryClass   = "hep-ph",
      reportNumber   = "INT-PUB-18-039, PSI-PR-18-09",
      SLACcitation   = "%%CITATION = ARXIV:1807.11484;%%"
}

@misc{Nir_Private,
    author = "Aloni, D. and Dery, A. and Gavela, M. B. and Nir, Y.",  
    howpublished = "Private communication (see repository)", 
    year = "2019",
}

@article{Cabibbo:1963yz,
      author         = "Cabibbo, Nicola",
      title          = "{Unitary Symmetry and Leptonic Decays}",
      booktitle      = "{Meeting of the Italian School of Physics and Weak
                        Interactions Bologna, Italy, April 26-28, 1984}",
      journal        = "Phys. Rev. Lett.",
      volume         = "10",
      year           = "1963",
      pages          = "531-533",
      doi            = "10.1103/PhysRevLett.10.531",
      note           = "[,648(1963)]",
      SLACcitation   = "%%CITATION = PRLTA,10,531;%%"
}

@article{Kobayashi:1973fv,
      author         = "Kobayashi, Makoto and Maskawa, Toshihide",
      title          = "{CP Violation in the Renormalizable Theory of Weak
                        Interaction}",
      journal        = "Prog. Theor. Phys.",
      volume         = "49",
      year           = "1973",
      pages          = "652-657",
      doi            = "10.1143/PTP.49.652",
      reportNumber   = "KUNS-242",
      SLACcitation   = "%%CITATION = PTPKA,49,652;%%"
}

@article{Baldini:2018uhj,
      author         = "Baldini, A. and others",
      title          = "{A submission to the 2020 update of the
                  European Strategy 
                        for Particle Physics on behalf of the COMET,
                  MEG, Mu2e and  
                        Mu3e collaborations}",
      year           = "2018",
      eprint         = "1812.06540",
      archivePrefix  = "arXiv",
      primaryClass   = "hep-ex",
      SLACcitation   = "%%CITATION = ARXIV:1812.06540;%%"
}


@article{Baldini:2018nnn,
      author         = "Baldini, A. M. and others",
      title          = "{The design of the MEG II experiment}",
      collaboration  = "MEG II",
      journal        = "Eur. Phys. J.",
      volume         = "C78",
      year           = "2018",
      number         = "5",
      pages          = "380",
      doi            = "10.1140/epjc/s10052-018-5845-6",
      eprint         = "1801.04688",
      archivePrefix  = "arXiv",
      primaryClass   = "physics.ins-det",
      SLACcitation   = "%%CITATION = ARXIV:1801.04688;%%"
}

@article{Blondel:2013ia,
      author         = "Blondel, A. and others",
      title          = "{Research Proposal for an Experiment to Search for the
                        Decay $\mu \to eee$}",
      year           = "2013",
      eprint         = "1301.6113",
      archivePrefix  = "arXiv",
      primaryClass   = "physics.ins-det",
      SLACcitation   = "%%CITATION = ARXIV:1301.6113;%%"
}

@article{Adamov:2018vin,
      author         = "Adamov, G. and others",
      title          = "{COMET Phase-I Technical Design Report}",
      collaboration  = "COMET",
      year           = "2018",
      eprint         = "1812.09018",
      archivePrefix  = "arXiv",
      primaryClass   = "physics.ins-det",
      SLACcitation   = "%%CITATION = ARXIV:1812.09018;%%"
}

@article{Bartoszek:2014mya,
      author         = "Bartoszek, L. and others",
      title          = "{Mu2e Technical Design Report}",
      collaboration  = "Mu2e",
      year           = "2014",
      eprint         = "1501.05241",
      archivePrefix  = "arXiv",
      primaryClass   = "physics.ins-det",
      reportNumber   = "FERMILAB-TM-2594, FERMILAB-DESIGN-2014-01",
      SLACcitation   = "%%CITATION = ARXIV:1501.05241;%%"
}

@article{Angelique:2018svf,
      author         = "Ang\'elique, J. C. and others",
      title          = "{COMET - A submission to the 2020 update of the European
                        Strategy for Particle Physics on behalf of the COMET
                        collaboration}",
      collaboration  = "COMET",
      year           = "2018",
      eprint         = "1812.07824",
      archivePrefix  = "arXiv",
      primaryClass   = "hep-ex",
      SLACcitation   = "%%CITATION = ARXIV:1812.07824;%%"
}

@inproceedings{Knoepfel:2013ouy,
      author         = "Knoepfel, K. and others",
      title          = "{Feasibility Study for a Next-Generation Mu2e
                        Experiment}",
      booktitle      = "{Proceedings, 2013 Community Summer Study on the Future
                        of U.S. Particle Physics: Snowmass on the Mississippi
                        (CSS2013): Minneapolis, MN, USA, July 29-August 6, 2013}",
      collaboration  = "mu2e",
      url            = "http://lss.fnal.gov/archive/2013/conf/fermilab-conf-13-254.pdf",
      year           = "2013",
      eprint         = "1307.1168",
      archivePrefix  = "arXiv",
      primaryClass   = "physics.ins-det",
      reportNumber   = "FERMILAB-CONF-13-254",
      SLACcitation   = "%%CITATION = ARXIV:1307.1168;%%"
}

@article{Abusalma:2018xem,
      author         = "Abusalma, F. and others",
      title          = "{Expression of Interest for Evolution of the Mu2e
                        Experiment}",
      collaboration  = "Mu2e",
      year           = "2018",
      eprint         = "1802.02599",
      archivePrefix  = "arXiv",
      primaryClass   = "physics.ins-det",
      reportNumber   = "FERMILAB-FN-1052",
      SLACcitation   = "%%CITATION = ARXIV:1802.02599;%%"
}

@misc{KunoESPP19,
    author = "Kuno, Y.",  
    title = "Presentation at the Flavour Session of the CERN Council Open Symposium on the Update of the European Strategy for Particle Physics. Granada, 13-16 May",
    year = "{\it 2019}",
}

@article{Buras:2015qea,
      author         = "Buras, Andrzej J. and Buttazzo, Dario and Girrbach-Noe,
                        Jennifer and Knegjens, Robert",
      title          = "{$ {K}^{+}\to {\pi}^{+}\nu \overline{\nu} $ and $
                        {K}_L\to {\pi}^0\nu \overline{\nu} $ in the Standard
                        Model: status and perspectives}",
      journal        = "JHEP",
      volume         = "11",
      year           = "2015",
      pages          = "033",
      doi            = "10.1007/JHEP11(2015)033",
      eprint         = "1503.02693",
      archivePrefix  = "arXiv",
      primaryClass   = "hep-ph",
      reportNumber   = "FLAVOUR(267104)-ERC-88",
      SLACcitation   = "%%CITATION = ARXIV:1503.02693;%%"
}

@article{Artamonov:2009sz,
      author         = "Artamonov, A. V. and others",
      title          = "{Study of the decay $K^+\to\pi^+\nu \bar\nu$ in the
                        momentum region $140 < P_\pi < 199$ MeV/c}",
      collaboration  = "BNL-E949",
      journal        = "Phys. Rev.",
      volume         = "D79",
      year           = "2009",
      pages          = "092004",
      doi            = "10.1103/PhysRevD.79.092004",
      eprint         = "0903.0030",
      archivePrefix  = "arXiv",
      primaryClass   = "hep-ex",
      reportNumber   = "BNL-81786-2008-JA, FERMILAB-PUB-09-007-CD-T, KEK-2008-44,
                        TRIUMF-TRI-PP-08-26, UHEP-EX-08-004",
      SLACcitation   = "%%CITATION = ARXIV:0903.0030;%%"
}

@misc{SozziESPP19,
    author = "Sozzi, M.",  
    title = "Presentation at the Flavour Session of the CERN Council Open Symposium on the Update of the European Strategy for Particle Physics. Granada, 13-16 May",
    year = "{\it 2019}",
}

@misc{NA62:Lazzeroni,
    author = "Lazzeroni, C.",  
    title = "Contribution to the Flavour Session of the CERN Council Open Symposium on the Update of the European Strategy for Particle Physics (NA62 private communication)", 
    year = "2019",
}

% @article{Ahn:2007cd,
%       author         = "Ahn, J. K. and others",
%       title          = "{Search for the Decay $K_L^0 \to pi^0\nu \bar{\nu}$}",
%       collaboration  = "E391a",
%       journal        = "Phys. Rev. Lett.",
%       volume         = "100",
%       year           = "2008",
%       pages          = "201802",
%       doi            = "10.1103/PhysRevLett.100.201802",
%       eprint         = "0712.4164",
%       archivePrefix  = "arXiv",
%       primaryClass   = "hep-ex",
%       reportNumber   = "KEK-PREPRINT-2007-66",
%       SLACcitation   = "%%CITATION = ARXIV:0712.4164;%%"
% }

@article{Ahn:2018mvc,
      author         = "Ahn, J. K. and others",
      title          = "{Search for the $K_L \!\to\! \pi^0 \nu \overline{\nu}$
                        and $K_L \!\to\! \pi^0 X^0$ decays at the J-PARC KOTO
                        experiment}",
      collaboration  = "KOTO",
      journal        = "Phys. Rev. Lett.",
      volume         = "122",
      year           = "2019",
      number         = "2",
      pages          = "021802",
      doi            = "10.1103/PhysRevLett.122.021802",
      eprint         = "1810.09655",
      archivePrefix  = "arXiv",
      primaryClass   = "hep-ex",
      SLACcitation   = "%%CITATION = ARXIV:1810.09655;%%"
}

@misc{KOTO_prospects,
    author = "Yamanaka, T.",  
    title = "Presentation at the 26th J-PARC Program Advisory Committee, 18 July 2018", 
        url = "https://kds.kek.
    jp/indico/event/28286/contribution/11/material/slides/1.pdf",
year = "2018",
}

@misc{KOTO_II,
    author = "Comfort, J and others",  
    title = "J-PARC proposal E14, 2 May 2006", 
    collaboration  = "KOTO Collaboration",
    year = "2006",
    url = "http://koto.kek.jp/pub/p14.pd"
}

@article{Ambrosino:2019qvz,
      author         = "Ambrosino, F. and others",
      title          = "{KLEVER: An experiment to measure
                        BR($K_L\to\pi^0\nu\bar{\nu}$) at the CERN SPS}",
      collaboration  = "KLEVER Project",
      year           = "2019",
      eprint         = "1901.03099",
      archivePrefix  = "arXiv",
      primaryClass   = "hep-ex",
      reportNumber   = "KLEVER-PUB-18-02",
      SLACcitation   = "%%CITATION = ARXIV:1901.03099;%%"
}

@misc{JPARC_EPPSU_input,
    author = "Komatsubara, Takeshi K.", 
    title = "Input from J-PARC
    to the update of the European Strategy for Particle Physics", 
    year = "2018",
    url = "https://indico.cern.ch/event/765096/contributions/3295701/"
}

@article{CortinaGil:2019dnd,
      author         = "Cortina Gil, Eduardo and others",
      title          = "{Searches for lepton number violating $K^+$ decays}",
      collaboration  = "NA62",
      year           = "2019",
      eprint         = "1905.07770",
      archivePrefix  = "arXiv",
      primaryClass   = "hep-ex",
      reportNumber   = "CERN-EP-2019-104",
      SLACcitation   = "%%CITATION = ARXIV:1905.07770;%%"
}

@misc{JPARC_TREK,
    title = " The TREK Experiment (Time Reversal Experiment with Kaons): J-PARC Experiment E06", 
    year = "2006",
    url = "http://trek.kek.jp/trek.html"
}

@article{Tanabashi:2018oca,
      author         = "Tanabashi, M. and others",
      title          = "{Review of Particle Physics}",
      collaboration  = "Particle Data Group",
      journal        = "Phys. Rev.",
      volume         = "D98",
      year           = "2018",
      number         = "3",
      pages          = "030001",
      doi            = "10.1103/PhysRevD.98.030001",
      SLACcitation   = "%%CITATION = PHRVA,D98,030001;%%"
}

@article{Abe:2010gxa,
      author         = "Abe, T. and others",
      title          = "{Belle II Technical Design Report}",
      collaboration  = "Belle-II",
      year           = "2010",
      eprint         = "1011.0352",
      archivePrefix  = "arXiv",
      primaryClass   = "physics.ins-det",
      reportNumber   = "KEK-REPORT-2010-1",
      SLACcitation   = "%%CITATION = ARXIV:1011.0352;%%"
}

@article{Kou:2018nap,
      author         = "Altmannshofer, W. and others",
      editor         = "Kou, E. and Urquijo, P.",
      title          = "{The Belle II Physics Book}",
      collaboration  = "Belle-II",
      year           = "2018",
      eprint         = "1808.10567",
      archivePrefix  = "arXiv",
      primaryClass   = "hep-ex",
      reportNumber   = "KEK Preprint 2018-27, BELLE2-PUB-PH-2018-001,
                        FERMILAB-PUB-18-398-T, JLAB-THY-18-2780, INT-PUB-18-047,
                        UWThPh 2018-26",
      SLACcitation   = "%%CITATION = ARXIV:1808.10567;%%"
}

@article{Kamenik:2017ghi,       author         = "Kamenik, J. F. and Monteil, S. and Semkiv, A. and Silva,                         L. Vale",       title          = "{Lepton polarization asymmetries in rare semi-tauonic $ b                         \rightarrow s $ exclusive decays at FCC-$ee$}",       journal        = "Eur. Phys. J.",       volume         = "C77",       year           = "2017",       number         = "10",       pages          = "701",       doi            = "10.1140/epjc/s10052-017-5272-0",       eprint         = "1705.11106",       archivePrefix  = "arXiv",       primaryClass   = "hep-ph",       SLACcitation   = "%%CITATION = ARXIV:1705.11106;%%" } 

@article{Bondar:2013cja,
      author         = "Bondar, A. E. and others",
      title          = "{Project of a Super Charm-Tau factory at the Budker
                        Institute of Nuclear Physics in Novosibirsk}",
      collaboration  = "Charm-Tau Factory",
      journal        = "Phys. Atom. Nucl.",
      volume         = "76",
      year           = "2013",
      pages          = "1072-1085",
      doi            = "10.1134/S1063778813090032",
      note           = "[Yad. Fiz.76,no.9,1132(2013)]",
      SLACcitation   = "%%CITATION = PANUE,76,1072;%%"
}


@misc{TauFV_input,
    author = "Ahdida, C. C. and others", 
    title = "TauFV: a fixed-target experiment to search for flavour violation in tau decays - contribution
    to the update of the European Strategy for Particle Physics", 
    year = "2018",
    url = "https://indico.cern.ch/event/765096/contributions/3295745/"
}

@misc{Novosibirsk_SCT_input,
    author = "Levichev, E. and Bondar, A. and Tikhonov, Yu. and Logashenko, I.", 
    title = "Precision experiments at electron-positron collider Super Charm-Tau Factory - contribution
    to the update of the European Strategy for Particle Physics", 
    year = "2018",
    url = "https://indico.cern.ch/event/765096/contributions/3295623/"
}

@misc{LusianiESPP19,
    author = "Lusiani, A.",  
    title = "Presentation at the Flavour Session of the CERN Council Open Symposium on the Update of the European Strategy for Particle Physics. Granada, 13-16 May 2019",
    year = "2019",
}

@misc{PaulESPP19,
    author = "Paul, S.",  
    title = "Presentation at the Flavour Session of the CERN Council Open Symposium on the Update of the European Strategy for Particle Physics. Granada, 13-16 May 2019",
    year = "2019",
}
@article{Kelly:2019yxg,
      author         = "Kelly, Christopher and Wang, Tianle",
      title          = "{Update on the improved lattice calculation of direct
                        CP-violation in K decays}",
      booktitle      = "{Proceedings, 36th International Symposium on Lattice
                        Field Theory (Lattice 2018): East Lansing, MI, United
                        States, July 22-28, 2018}",
      journal        = "PoS",
      volume         = "LATTICE2018",
      year           = "2019",
      pages          = "277",
      doi            = "10.22323/1.334.0277",
      SLACcitation   = "%%CITATION = POSCI,LATTICE2018,277;%%"
}

@article{Lehner:2015jga,
      author         = "Lehner, Christoph and Lunghi, Enrico and Soni, Amarjit",
      title          = "{Emerging lattice approach to the K-Unitarity Triangle}",
      journal        = "Phys. Lett.",
      volume         = "B759",
      year           = "2016",
      pages          = "82-90",
      doi            = "10.1016/j.physletb.2016.04.064",
      eprint         = "1508.01801",
      archivePrefix  = "arXiv",
      primaryClass   = "hep-ph",
      SLACcitation   = "%%CITATION = ARXIV:1508.01801;%%"
}

@article{Asaka:2005pn,
      author         = "Asaka, Takehiko and Shaposhnikov, Mikhail",
      title          = "{The nuMSM, dark matter and baryon asymmetry of the
                        universe}",
      journal        = "Phys. Lett.",
      volume         = "B620",
      year           = "2005",
      pages          = "17-26",
      doi            = "10.1016/j.physletb.2005.06.020",
      eprint         = "hep-ph/0505013",
      archivePrefix  = "arXiv",
      primaryClass   = "hep-ph",
      SLACcitation   = "%%CITATION = HEP-PH/0505013;%%"
}

@article{Akhmedov:1998qx,
      author         = "Akhmedov, Evgeny K. and Rubakov, V. A. and Smirnov, A.
                        {\relax Yu}.",
      title          = "{Baryogenesis via neutrino oscillations}",
      journal        = "Phys. Rev. Lett.",
      volume         = "81",
      year           = "1998",
      pages          = "1359-1362",
      doi            = "10.1103/PhysRevLett.81.1359",
      eprint         = "hep-ph/9803255",
      archivePrefix  = "arXiv",
      primaryClass   = "hep-ph",
      reportNumber   = "IC-98-22, INR-98-14-T",
      SLACcitation   = "%%CITATION = HEP-PH/9803255;%%"
}

@inproceedings{Luo:2018njj,
      author         = "Luo, Qing and Xu, Derong",
      title          = "{Progress on Preliminary Conceptual Study of HIEPA, a
                        Super Tau-Charm Factory in China}",
      booktitle      = "{Proceedings, 9th International Particle Accelerator
                        Conference (IPAC 2018): Vancouver, BC Canada}",
      year           = "2018",
      pages          = "MOPML013",
      doi            = "10.18429/JACoW-IPAC2018-MOPML013",
      SLACcitation   = "%%CITATION = INSPIRE-1691452;%%"
}

@inproceedings{Peng:2018,
      author         = "Peng, H.-P.",
      title          = "{High Intensity Electron Positron Accelerator (HIEPA), Super Tau Charm Facility STCF in China}",
      booktitle      = "{Charm2018, Novosibirsk, Russia, May 21 - 25, 2018}",
      year           = "2018"
}

@article{Cirigliano:2011ny,
      author         = "Cirigliano, Vincenzo and Ecker, Gerhard and Neufeld,
                        Helmut and Pich, Antonio and Portoles, Jorge",
      title          = "{Kaon Decays in the Standard Model}",
      journal        = "Rev. Mod. Phys.",
      volume         = "84",
      year           = "2012",
      pages          = "399",
      doi            = "10.1103/RevModPhys.84.399",
      eprint         = "1107.6001",
      archivePrefix  = "arXiv",
      primaryClass   = "hep-ph",
      reportNumber   = "FTUV-11-0729, IFIC-11-02, UWTHPH-2011-25",
      SLACcitation   = "%%CITATION = ARXIV:1107.6001;%%"
}

@article{Baer:2013cma,
      author         = "Baer, Howard and Barklow, Tim and Fujii, Keisuke and Gao,
                        Yuanning and Hoang, Andre and Kanemura, Shinya and List,
                        Jenny and Logan, Heather E. and Nomerotski, Andrei and
                        Perelstein, Maxim and others ",
      title          = "{The International Linear Collider Technical Design
                        Report - Volume 2: Physics}",
      year           = "2013",
      eprint         = "1306.6352",
      archivePrefix  = "arXiv",
      primaryClass   = "hep-ph",
      reportNumber   = "ILC-REPORT-2013-040, ANL-HEP-TR-13-20,
                        BNL-100603-2013-IR, IRFU-13-59, CERN-ATS-2013-037,
                        COCKCROFT-13-10, CLNS-13-2085, DESY-13-062,
                        FERMILAB-TM-2554, IHEP-AC-ILC-2013-001, INFN-13-04-LNF,
                        JAI-2013-001, JINR-E9-2013-35, JLAB-R-2013-01,
                        KEK-REPORT-2013-1, KNU-CHEP-ILC-2013-1, LLNL-TR-635539,
                        SLAC-R-1004, ILC-HIGRADE-REPORT-2013-003",
      SLACcitation   = "%%CITATION = ARXIV:1306.6352;%%"
}

@article{Fujii:2017vwa,
      author         = "Fujii, Keisuke and others",
      title          = "{Physics Case for the 250 GeV Stage of the International
                        Linear Collider}",
      year           = "2017",
      eprint         = "1710.07621",
      archivePrefix  = "arXiv",
      primaryClass   = "hep-ex",
      reportNumber   = "DESY-17-155, KEK-PREPRINT-2017-31, LAL-17-059,
                        SLAC-PUB-17161",
      SLACcitation   = "%%CITATION = ARXIV:1710.07621;%%"
}
@article{Anastassopoulos:2015ura,
      author         = "Anastassopoulos, V. and others",
      title          = "{A Storage Ring Experiment to Detect a Proton Electric
                        Dipole Moment}",
      journal        = "Rev. Sci. Instrum.",
      volume         = "87",
      year           = "2016",
      number         = "11",
      pages          = "115116",
      doi            = "10.1063/1.4967465",
      eprint         = "1502.04317",
      archivePrefix  = "arXiv",
      primaryClass   = "physics.acc-ph",
      reportNumber   = "FERMILAB-PUB-15-665-AD-PPD",
      SLACcitation   = "%%CITATION = ARXIV:1502.04317;%%"
}
@inproceedings{Jedi_exp,
      key            = "1621077",
      author         = "Senichev, Yurij",
      title          = "{Search for the Charged Particle Electric Dipole Moments
                        in Storage Rings}",
      booktitle      = "{25th Russian Particle Accelerator Conference (RuPAC
                        2016) Saint Petersburg, Russia, November 21-25, 2016}",
      collaboration  = "JEDI",
      doi            = "10.18429/JACoW-RuPAC2016-MOZMH03",
      SLACcitation   = "%%CITATION = INSPIRE-1621077;%%"
}
@inproceedings{Rathmann:2019vtb,
      author         = "Rathmann, Frank and Nikolaev, Nikolai N.",
      title          = "{Electric dipole moment searches using storage rings}",
      booktitle      = "{23rd International Symposium on Spin Physics (SPIN 2018)
                        Ferrara, Italy, September 10-14, 2018}",
      year           = "2019",
      eprint         = "1904.13166",
      archivePrefix  = "arXiv",
      primaryClass   = "nucl-ex",
      SLACcitation   = "%%CITATION = ARXIV:1904.13166;%%"
}
@article{Mibe:2010zz,
      author         = "Mibe, Tsutomu",
      title          = "{New g-2 experiment at J-PARC}",
      booktitle      = "{Proceedings, 6th International Workshop on e+e-
                        Collisions from Phi to Psi (PHIPSI09): Beijing, China,
                        October 13-16, 2009}",
      collaboration  = "J-PARC g-2",
      journal        = "Chin. Phys.",
      volume         = "C34",
      year           = "2010",
      pages          = "745-748",
      doi            = "10.1088/1674-1137/34/6/022",
      SLACcitation   = "%%CITATION = CHPHD,C34,745;%%"
}
@article{Grange:2015fou,
      author         = "Grange, J. and others",
      title          = "{Muon (g-2) Technical Design Report}",
      collaboration  = "Muon g-2",
      year           = "2015",
      eprint         = "1501.06858",
      archivePrefix  = "arXiv",
      primaryClass   = "physics.ins-det",
      reportNumber   = "FERMILAB-FN-0992-E, FERMILAB-DESIGN-2014-02",
      SLACcitation   = "%%CITATION = ARXIV:1501.06858;%%"
}
@article{Chislett:2016jau,
      author         = "Chislett, Rebecca",
      title          = "{The muon EDM in the g-2 experiment at Fermilab}",
      booktitle      = "{Proceedings, Workshop on Flavour changing and conserving
                        processes 2015 (FCCP2015): Anacapri, Capri Island, Italy,
                        September 10-12, 2015}",
      collaboration  = "Muon g-2",
      journal        = "EPJ Web Conf.",
      volume         = "118",
      year           = "2016",
      pages          = "01005",
      doi            = "10.1051/epjconf/201611801005",
      SLACcitation   = "%%CITATION = 00776,118,01005;%%"
}
@article{Sato:2017sdn,
      author         = "Sato, Yutaro",
      title          = "{Muon g-2/EDM experiment at J-PARC}",
      booktitle      = "{Proceedings, 3rd International Symposium on Quest for
                        the Origin of Particles and the Universe (KMI2017):
                        Nagoya, Japan, January 5-7, 2017}",
      collaboration  = "E34",
      journal        = "PoS",
      volume         = "KMI2017",
      year           = "2017",
      pages          = "006",
      doi            = "10.22323/1.294.0006",
      SLACcitation   = "%%CITATION = POSCI,KMI2017,006;%%"
}

@misc{Paul_Granada,
  author = {S. Paul},
  title = {The hunt for Electric Dipole Moments. A complement to the High Energy Frontier.  Talk at the Open Symposium-Update of the European Strategy for Particle Physics},
  url = {https://indico.cern.ch/event/808335/contributions/3365126/attachments/1842399/3026956/EDMs_Granada_very_short_150519_6pm.pdf}
}

@techreport{CMS-PAS-BPH-17-004,
      title         = "{Search for $\tau \to 3\mu$ decays using $\tau$ leptons
                       produced in D and B meson decays}",
      institution   = "CERN",
      collaboration = "CMS Collaboration",
      address       = "Geneva",
      number        = "CMS-PAS-BPH-17-004",
      year          = "2019",
      reportNumber  = "CMS-PAS-BPH-17-004",
      url           = "http://cds.cern.ch/record/2668282",
}

@article{Chivukula:1987py,
     author         = "Chivukula, R. Sekhar and Georgi, Howard",
     title          = "{Composite Technicolor Standard Model}",
     journal        = "Phys. Lett.",
     volume         = "B188",
     year           = "1987",
     pages          = "99-104",
     doi            = "10.1016/0370-2693(87)90713-1",
     reportNumber   = "BUHEP-87-2, HUTP-87/A003",
     SLACcitation   = "%%CITATION = PHLTA,B188,99;%%"
}

@article{Buras:2000dm,
     author         = "Buras, A. J. and Gambino, P. and Gorbahn, M. and Jager,
                       S. and Silvestrini, L.",
     title          = "{Universal unitarity triangle and physics beyond the
                       standard model}",
     journal        = "Phys. Lett.",
     volume         = "B500",
     year           = "2001",
     pages          = "161-167",
     doi            = "10.1016/S0370-2693(01)00061-2",
     eprint         = "hep-ph/0007085",
     archivePrefix  = "arXiv",
     primaryClass   = "hep-ph",
     reportNumber   = "TUM-HEP-379-00, CERN-TH-2000-190",
     SLACcitation   = "%%CITATION = HEP-PH/0007085;%%"
}
@article{DAmbrosio:2002vsn,
     author         = "D'Ambrosio, G. and Giudice, G. F. and Isidori, G. and
                       Strumia, A.",
     title          = "{Minimal flavor violation: An Effective field theory
                       approach}",
     journal        = "Nucl. Phys.",
     volume         = "B645",
     year           = "2002",
     pages          = "155-187",
     doi            = "10.1016/S0550-3213(02)00836-2",
     eprint         = "hep-ph/0207036",
     archivePrefix  = "arXiv",
     primaryClass   = "hep-ph",
     reportNumber   = "CERN-TH-2002-147, IFUP-TH-2002-17",
     SLACcitation   = "%%CITATION = HEP-PH/0207036;%%"
}
@article{Cirigliano:2005ck,
     author         = "Cirigliano, Vincenzo and Grinstein, Benjamin and Isidori,
                       Gino and Wise, Mark B.",
     title          = "{Minimal flavor violation in the lepton sector}",
     journal        = "Nucl. Phys.",
     volume         = "B728",
     year           = "2005",
     pages          = "121-134",
     doi            = "10.1016/j.nuclphysb.2005.08.037",
     eprint         = "hep-ph/0507001",
     archivePrefix  = "arXiv",
     primaryClass   = "hep-ph",
     reportNumber   = "UCSD-PTH-05-11, CALT-68-2566",
     SLACcitation   = "%%CITATION = HEP-PH/0507001;%%"
}

@article{Buras:2015yca,
      author         = "Buras, Andrzej J. and Buttazzo, Dario and Knegjens,
                        Robert",
      title          = "{$ K\to \pi \nu \overline{\nu} $ and $\varepsilon^\prime/ \varepsilon$ in
                        simplified new physics models}",
      journal        = "JHEP",
      volume         = "11",
      year           = "2015",
      pages          = "166",
      doi            = "10.1007/JHEP11(2015)166",
      eprint         = "1507.08672",
      archivePrefix  = "arXiv",
      primaryClass   = "hep-ph",
      reportNumber   = "FLAVOUR(267104)-ERC-105",
      SLACcitation   = "%%CITATION = ARXIV:1507.08672;%%"
}

@article{Aaij:2015oid,       author         = "Aaij, Roel and others",       title          = "{Angular analysis of the $B^{0} \to K^{*0} \mu^{+}                         \mu^{-}$ decay using 3 fb$^{-1}$ of integrated                         luminosity}",       collaboration  = "LHCb",       journal        = "JHEP",       volume         = "02",       year           = "2016",       pages          = "104",       doi            = "10.1007/JHEP02(2016)104",       eprint         = "1512.04442",       archivePrefix  = "arXiv",       primaryClass   = "hep-ex",       reportNumber   = "CERN-PH-EP-2015-314, LHCB-PAPER-2015-051",       SLACcitation   = "%%CITATION = ARXIV:1512.04442;%%" } 

@article{Wehle:2016yoi,       author         = "Wehle, S. and others",       title          = "{Lepton-Flavor-Dependent Angular Analysis of $B\to K^\ast                         \ell^+\ell^-$}",       collaboration  = "Belle",       journal        = "Phys. Rev. Lett.",       volume         = "118",       year           = "2017",       number         = "11",       pages          = "111801",       doi            = "10.1103/PhysRevLett.118.111801",       eprint         = "1612.05014",       archivePrefix  = "arXiv",       primaryClass   = "hep-ex",       reportNumber   = "BELLE-PREPRINT-2016-15, KEK-PREPRINT-2016-54",       SLACcitation   = "%%CITATION = ARXIV:1612.05014;%%" } 

@article{Sirunyan:2017dhj,       author         = "Sirunyan, Albert M and others",       title          = "{Measurement of angular parameters from the decay                         $\mathrm{B}^0 \to \mathrm{K}^{*0} \mu^+ \mu^-$ in                         proton-proton collisions at $\sqrt{s} = $ 8 TeV}",       collaboration  = "CMS",       journal        = "Phys. Lett.",       volume         = "B781",       year           = "2018",       pages          = "517-541",       doi            = "10.1016/j.physletb.2018.04.030",       eprint         = "1710.02846",       archivePrefix  = "arXiv",       primaryClass   = "hep-ex",       reportNumber   = "CMS-BPH-15-008, CERN-EP-2017-240",       SLACcitation   = "%%CITATION = ARXIV:1710.02846;%%" } 

@article{Aaboud:2018krd,
      author         = "Aaboud, Morad and others",
      title          = "{Angular analysis of $B^0_d  \rightarrow K^{*}\mu^+\mu^-$
                        decays in $pp$ collisions at $\sqrt{s}= 8$ TeV with the
                        ATLAS detector}",
      collaboration  = "ATLAS",
      journal        = "JHEP",
      volume         = "10",
      year           = "2018",
      pages          = "047",
      doi            = "10.1007/JHEP10(2018)047",
      eprint         = "1805.04000",
      archivePrefix  = "arXiv",
      primaryClass   = "hep-ex",
      reportNumber   = "CERN-EP-2017-161",
      SLACcitation   = "%%CITATION = ARXIV:1805.04000;%%"
}


@article{Ciuchini:2017mik,
      author         = "Ciuchini, Marco and Coutinho, Antonio M. and Fedele,
                        Marco and Franco, Enrico and Paul, Ayan and Silvestrini,
                        Luca and Valli, Mauro",
      title          = "{On Flavourful Easter eggs for New Physics hunger and
                        Lepton Flavour Universality violation}",
      journal        = "Eur. Phys. J.",
      volume         = "C77",
      year           = "2017",
      number         = "10",
      pages          = "688",
      doi            = "10.1140/epjc/s10052-017-5270-2",
      eprint         = "1704.05447",
      archivePrefix  = "arXiv",
      primaryClass   = "hep-ph",
      SLACcitation   = "%%CITATION = ARXIV:1704.05447;%%"
}

@article{Matias:2012xw,
      author         = "Matias, Joaquim and Mescia, Federico and Ramon, Marc and
                        Virto, Javier",
      title          = "{Complete Anatomy of $\bar{B}_d \to \bar{K}^{* 0} (\to K
                        \pi)l^+l^-$ and its angular distribution}",
      journal        = "JHEP",
      volume         = "04",
      year           = "2012",
      pages          = "104",
      doi            = "10.1007/JHEP04(2012)104",
      eprint         = "1202.4266",
      archivePrefix  = "arXiv",
      primaryClass   = "hep-ph",
      reportNumber   = "UAB-FT-706, ICCUB-12-076, ECM-UB-68",
      SLACcitation   = "%%CITATION = ARXIV:1202.4266;%%"
}
@article{DescotesGenon:2012zf,
      author         = "Descotes-Genon, Sebastien and Matias, Joaquim and Ramon,
                        Marc and Virto, Javier",
      title          = "{Implications from clean observables for the binned
                        analysis of $B \to K*\mu^+\mu^-$ at large recoil}",
      journal        = "JHEP",
      volume         = "01",
      year           = "2013",
      pages          = "048",
      doi            = "10.1007/JHEP01(2013)048",
      eprint         = "1207.2753",
      archivePrefix  = "arXiv",
      primaryClass   = "hep-ph",
      reportNumber   = "UAB-FT-275, LPT-ORSAY-12-81, UAB-FT-710",
      SLACcitation   = "%%CITATION = ARXIV:1207.2753;%%"
}