% -- include here the bibtex style bibliography items for your section

@article{Wilczek:1977pj,
      author         = "Wilczek, Frank",
      title          = "{Problem of Strong  $P$  and  $T$  Invariance in the
                        Presence of Instantons}",
      journal        = "Phys. Rev. Lett.",
      volume         = "40",
      year           = "1978",
      pages          = "279-282",
      doi            = "10.1103/PhysRevLett.40.279",
      reportNumber   = "Print-77-0939 (COLUMBIA)",
      SLACcitation   = "%%CITATION = PRLTA,40,279;%%"
}


@article{Weinberg:1977ma,
      author         = "Weinberg, Steven",
      title          = "{A New Light Boson?}",
      journal        = "Phys. Rev. Lett.",
      volume         = "40",
      year           = "1978",
      pages          = "223-226",
      doi            = "10.1103/PhysRevLett.40.223",
      reportNumber   = "HUTP-77/A074",
      SLACcitation   = "%%CITATION = PRLTA,40,223;%%"
}


@article{Peccei:1977hh,
      author         = "Peccei, R. D. and Quinn, Helen R.",
      title          = "{CP Conservation in the Presence of Instantons}",
      journal        = "Phys. Rev. Lett.",
      volume         = "38",
      year           = "1977",
      pages          = "1440-1443",
      doi            = "10.1103/PhysRevLett.38.1440",
      note           = "[,328(1977)]",
      reportNumber   = "ITP-568-STANFORD",
      SLACcitation   = "%%CITATION = PRLTA,38,1440;%%"
}


@article{diCortona:2015ldu,
      author         = "Grilli di Cortona, Giovanni and Hardy, Edward and Pardo
                        Vega, Javier and Villadoro, Giovanni",
      title          = "{The QCD axion, precisely}",
      journal        = "JHEP",
      volume         = "01",
      year           = "2016",
      pages          = "034",
      doi            = "10.1007/JHEP01(2016)034",
      eprint         = "1511.02867",
      archivePrefix  = "arXiv",
      primaryClass   = "hep-ph",
      SLACcitation   = "%%CITATION = ARXIV:1511.02867;%%"
}


@article{Agrawal:2017ksf,
      author         = "Agrawal, Prateek and Howe, Kiel",
      title          = "{Factoring the Strong CP Problem}",
      journal        = "JHEP",
      volume         = "12",
      year           = "2018",
      pages          = "029",
      doi            = "10.1007/JHEP12(2018)029",
      eprint         = "1710.04213",
      archivePrefix  = "arXiv",
      primaryClass   = "hep-ph",
      reportNumber   = "FERMILAB-PUB-17-500-T",
      SLACcitation   = "%%CITATION = ARXIV:1710.04213;%%"
}


@article{Gaillard:2018xgk,
      author         = "Gaillard, M. K. and Gavela, M. B. and Houtz, R. and
                        Quilez, P. and Del Rey, R.",
      title          = "{Color unified dynamical axion}",
      journal        = "Eur. Phys. J.",
      volume         = "C78",
      year           = "2018",
      number         = "11",
      pages          = "972",
      doi            = "10.1140/epjc/s10052-018-6396-6",
      eprint         = "1805.06465",
      archivePrefix  = "arXiv",
      primaryClass   = "hep-ph",
      reportNumber   = "IFT-UAM/CSIC-18-050, FTUAM-18-13, IFT-UAM-CSIC-18-050",
      SLACcitation   = "%%CITATION = ARXIV:1805.06465;%%"
}


@article{Preskill:1982cy,
      author         = "Preskill, John and Wise, Mark B. and Wilczek, Frank",
      title          = "{Cosmology of the Invisible Axion}",
      journal        = "Phys. Lett.",
      volume         = "B120",
      year           = "1983",
      pages          = "127-132",
      doi            = "10.1016/0370-2693(83)90637-8",
      note           = "[,URL(1982)]",
      reportNumber   = "HUTP-82-A048, NSF-ITP-82-103",
      SLACcitation   = "%%CITATION = PHLTA,B120,127;%%"
}


@article{Abbott:1982af,
      author         = "Abbott, L. F. and Sikivie, P.",
      title          = "{A Cosmological Bound on the Invisible Axion}",
      journal        = "Phys. Lett.",
      volume         = "B120",
      year           = "1983",
      pages          = "133-136",
      doi            = "10.1016/0370-2693(83)90638-X",
      note           = "[,URL(1982)]",
      reportNumber   = "PRINT-82-0695 (BRANDEIS)",
      SLACcitation   = "%%CITATION = PHLTA,B120,133;%%"
}


@article{Dine:1982ah,
      author         = "Dine, Michael and Fischler, Willy",
      title          = "{The Not So Harmless Axion}",
      journal        = "Phys. Lett.",
      volume         = "B120",
      year           = "1983",
      pages          = "137-141",
      doi            = "10.1016/0370-2693(83)90639-1",
      note           = "[,URL(1982)]",
      reportNumber   = "UPR-0201T",
      SLACcitation   = "%%CITATION = PHLTA,B120,137;%%"
}


@article{Arias:2012az,
      author         = "Arias, Paola and Cadamuro, Davide and Goodsell, Mark and
                        Jaeckel, Joerg and Redondo, Javier and Ringwald, Andreas",
      title          = "{WISPy Cold Dark Matter}",
      journal        = "JCAP",
      volume         = "1206",
      year           = "2012",
      pages          = "013",
      doi            = "10.1088/1475-7516/2012/06/013",
      eprint         = "1201.5902",
      archivePrefix  = "arXiv",
      primaryClass   = "hep-ph",
      reportNumber   = "DESY-11-226, MPP-2011-140, CERN-PH-TH-2011-323,
                        IPPP-11-80, DCPT-11-160",
      SLACcitation   = "%%CITATION = ARXIV:1201.5902;%%"
}


@article{Svrcek:2006yi,
      author         = "Svrcek, Peter and Witten, Edward",
      title          = "{Axions In String Theory}",
      journal        = "JHEP",
      volume         = "06",
      year           = "2006",
      pages          = "051",
      doi            = "10.1088/1126-6708/2006/06/051",
      eprint         = "hep-th/0605206",
      archivePrefix  = "arXiv",
      primaryClass   = "hep-th",
      reportNumber   = "SLAC-PUB-11894",
      SLACcitation   = "%%CITATION = HEP-TH/0605206;%%"
}


@article{Arvanitaki:2009fg,
      author         = "Arvanitaki, Asimina and Dimopoulos, Savas and Dubovsky,
                        Sergei and Kaloper, Nemanja and March-Russell, John",
      title          = "{String Axiverse}",
      journal        = "Phys. Rev.",
      volume         = "D81",
      year           = "2010",
      pages          = "123530",
      doi            = "10.1103/PhysRevD.81.123530",
      eprint         = "0905.4720",
      archivePrefix  = "arXiv",
      primaryClass   = "hep-th",
      SLACcitation   = "%%CITATION = ARXIV:0905.4720;%%"
}


@article{Acharya:2010zx,
      author         = "Acharya, Bobby Samir and Bobkov, Konstantin and Kumar,
                        Piyush",
      title          = "{An M Theory Solution to the Strong CP Problem and
                        Constraints on the Axiverse}",
      journal        = "JHEP",
      volume         = "11",
      year           = "2010",
      pages          = "105",
      doi            = "10.1007/JHEP11(2010)105",
      eprint         = "1004.5138",
      archivePrefix  = "arXiv",
      primaryClass   = "hep-th",
      SLACcitation   = "%%CITATION = ARXIV:1004.5138;%%"
}


@article{Cicoli:2012sz,
      author         = "Cicoli, Michele and Goodsell, Mark and Ringwald, Andreas",
      title          = "{The type IIB string axiverse and its low-energy
                        phenomenology}",
      journal        = "JHEP",
      volume         = "10",
      year           = "2012",
      pages          = "146",
      doi            = "10.1007/JHEP10(2012)146",
      eprint         = "1206.0819",
      archivePrefix  = "arXiv",
      primaryClass   = "hep-th",
      reportNumber   = "DESY-12-058, CERN-PH-TH-2012-153",
      SLACcitation   = "%%CITATION = ARXIV:1206.0819;%%"
}


@article{Giannotti:2015kwo,
      author         = "Giannotti, Maurizio and Irastorza, Igor and Redondo,
                        Javier and Ringwald, Andreas",
      title          = "{Cool WISPs for stellar cooling excesses}",
      journal        = "JCAP",
      volume         = "1605",
      year           = "2016",
      number         = "05",
      pages          = "057",
      doi            = "10.1088/1475-7516/2016/05/057",
      eprint         = "1512.08108",
      archivePrefix  = "arXiv",
      primaryClass   = "astro-ph.HE",
      reportNumber   = "DESY-15-245",
      SLACcitation   = "%%CITATION = ARXIV:1512.08108;%%"
}


@article{Armengaud:2019uso,
      author         = "Armengaud, E. and others",
      title          = "{Physics potential of the International Axion Observatory
                        (IAXO)}",
      collaboration  = "IAXO",
      journal        = "JCAP",
      volume         = "1906",
      year           = "2019",
      number         = "06",
      pages          = "047",
      doi            = "10.1088/1475-7516/2019/06/047",
      eprint         = "1904.09155",
      archivePrefix  = "arXiv",
      primaryClass   = "hep-ph",
      SLACcitation   = "%%CITATION = ARXIV:1904.09155;%%"
}


@article{Jaeckel:2010ni,
      author         = "Jaeckel, Joerg and Ringwald, Andreas",
      title          = "{The Low-Energy Frontier of Particle Physics}",
      journal        = "Ann. Rev. Nucl. Part. Sci.",
      volume         = "60",
      year           = "2010",
      pages          = "405-437",
      doi            = "10.1146/annurev.nucl.012809.104433",
      eprint         = "1002.0329",
      archivePrefix  = "arXiv",
      primaryClass   = "hep-ph",
      reportNumber   = "CPT-10-18, DESY-10-016, IPPP-10-09",
      SLACcitation   = "%%CITATION = ARXIV:1002.0329;%%"
}


@article{Irastorza:2018dyq,
      author         = "Irastorza, Igor G. and Redondo, Javier",
      title          = "{New experimental approaches in the search for axion-like
                        particles}",
      journal        = "Prog. Part. Nucl. Phys.",
      volume         = "102",
      year           = "2018",
      pages          = "89-159",
      doi            = "10.1016/j.ppnp.2018.05.003",
      eprint         = "1801.08127",
      archivePrefix  = "arXiv",
      primaryClass   = "hep-ph",
      SLACcitation   = "%%CITATION = ARXIV:1801.08127;%%"
}


@article{Sikivie:1983ip,
      author         = "Sikivie, P.",
      title          = "{Experimental Tests of the Invisible Axion}",
      booktitle      = "{Particle physics and cosmology: Dark matter}",
      journal        = "Phys. Rev. Lett.",
      volume         = "51",
      year           = "1983",
      pages          = "1415-1417",
      doi            = "10.1103/PhysRevLett.51.1415,
                        10.1103/PhysRevLett.52.695.2",
      note           = "[,321(1983)]",
      reportNumber   = "PRINT-83-0597 (FLORIDA), UF-TP-83-13",
      SLACcitation   = "%%CITATION = PRLTA,51,1415;%%"
}



@techreport{Siemko:2652165,
      author        = "Siemko, Andrzej and Dobrich, Babette and Cantatore,
                       Giovanni and Delikaris, Dimitri and Mapelli, Livio and
                       Cavoto, Gianluca and Pugnat, Pierre and Schaffran, Joern
                       and Spagnolo, Paolo and Ten Kate, Herman and Zavattini,
                       Guido",
      title         = "{PBC technology subgroup report}",
      institution   = "CERN",
      address       = "Geneva",
      number        = "CERN-PBC-REPORT-2018-006",
      month         = "Dec",
      year          = "2018",
      reportNumber  = "CERN-PBC-REPORT-2018-006",
      url           = "https://cds.cern.ch/record/2652165",
}

@article{Du:2018uak,
      author         = "Du, N. and others",
      title          = "{A Search for Invisible Axion Dark Matter with the Axion
                        Dark Matter Experiment}",
      collaboration  = "ADMX",
      journal        = "Phys. Rev. Lett.",
      volume         = "120",
      year           = "2018",
      number         = "15",
      pages          = "151301",
      doi            = "10.1103/PhysRevLett.120.151301",
      eprint         = "1804.05750",
      archivePrefix  = "arXiv",
      primaryClass   = "hep-ex",
      reportNumber   = "FERMILAB-PUB-18-101-AD-AE",
      SLACcitation   = "%%CITATION = ARXIV:1804.05750;%%"
}


@article{Zhong:2018rsr,
      author         = "Zhong, L. and others",
      title          = "{Results from phase 1 of the HAYSTAC microwave cavity
                        axion experiment}",
      collaboration  = "HAYSTAC",
      journal        = "Phys. Rev.",
      volume         = "D97",
      year           = "2018",
      number         = "9",
      pages          = "092001",
      doi            = "10.1103/PhysRevD.97.092001",
      eprint         = "1803.03690",
      archivePrefix  = "arXiv",
      primaryClass   = "hep-ex",
      SLACcitation   = "%%CITATION = ARXIV:1803.03690;%%"
}


@article{Alesini:2019ajt,
      author         = "Alesini, D. and others",
      title          = "{Galactic axions search with a superconducting resonant
                        cavity}",
      journal        = "Phys. Rev.",
      volume         = "D99",
      year           = "2019",
      number         = "10",
      pages          = "101101",
      doi            = "10.1103/PhysRevD.99.101101",
      eprint         = "1903.06547",
      archivePrefix  = "arXiv",
      primaryClass   = "physics.ins-det",
      SLACcitation   = "%%CITATION = ARXIV:1903.06547;%%"
}



%%% contains utf-8, see: https://inspirehep.net/info/faq/general#utf8
%%% add \usepackage[utf8]{inputenc} to your latex preamble

@article{Melcon:2018dba,
      author         = "Melcón, Alejandro Álvarez and others",
      title          = "{Axion Searches with Microwave Filters: the RADES
                        project}",
      journal        = "JCAP",
      volume         = "1805",
      year           = "2018",
      number         = "05",
      pages          = "040",
      doi            = "10.1088/1475-7516/2018/05/040",
      eprint         = "1803.01243",
      archivePrefix  = "arXiv",
      primaryClass   = "hep-ex",
      reportNumber   = "CERN-OPEN-2018-001, MPP-2018-18",
      SLACcitation   = "%%CITATION = ARXIV:1803.01243;%%"
}


@inproceedings{Gatti:2018ojx,
      author         = "Gatti, C. and others",
      title          = "{The Klash Proposal: Status and Perspectives}",
      booktitle      = "{14th Patras Workshop on Axions, WIMPs and WISPs
                        (AXION-WIMP 2018) (PATRAS 2018) Hamburg, Germany, June
                        18-22, 2018}",
      year           = "2018",
      eprint         = "1811.06754",
      archivePrefix  = "arXiv",
      primaryClass   = "physics.ins-det",
      SLACcitation   = "%%CITATION = ARXIV:1811.06754;%%"
}


@inproceedings{Majorovits:2017ppy,
      author         = "Majorovits, B. and others",
      title          = "{MADMAX: A new road to axion dark matter detection}",
      booktitle      = "{15th International Conference on Topics in Astroparticle
                        and Underground Physics (TAUP 2017) Sudbury, Ontario,
                        Canada, July 24-28, 2017}",
      collaboration  = "MADMAX interest Group",
      year           = "2017",
      eprint         = "1712.01062",
      archivePrefix  = "arXiv",
      primaryClass   = "physics.ins-det",
      SLACcitation   = "%%CITATION = ARXIV:1712.01062;%%"
}



%%% contains utf-8, see: https://inspirehep.net/info/faq/general#utf8
%%% add \usepackage[utf8]{inputenc} to your latex preamble

@article{Bahre:2013ywa,
      author         = "Bahre, Robin and others",
      title          = "{Any light particle search II Technical Design
                        Report}",
      journal        = "JINST",
      volume         = "8",
      year           = "2013",
      pages          = "T09001",
      doi            = "10.1088/1748-0221/8/09/T09001",
      eprint         = "1302.5647",
      archivePrefix  = "arXiv",
      primaryClass   = "physics.ins-det",
      reportNumber   = "DESY-13-030",
      SLACcitation   = "%%CITATION = ARXIV:1302.5647;%%"
}



@MISC{Pshirkov2009-kq,
	*** Not Found with lookup: 'find r Pshirkov2009-kq'
}


@MISC{Hook2018-tm,
	*** Not Found with lookup: 'find r Hook2018-tm'
}


@MISC{Safdi2019-ty,
	*** Not Found with lookup: 'find r Safdi2019-ty'
}

@article{Abe:2018owy,
      author         = "Abe, K. and others",
      title          = "{Search for dark matter in the form of hidden photons and
                        axion-like particles in the XMASS detector}",
      collaboration  = "XMASS",
      journal        = "Phys. Lett.",
      volume         = "B787",
      year           = "2018",
      pages          = "153-158",
      doi            = "10.1016/j.physletb.2018.10.050",
      eprint         = "1807.08516",
      archivePrefix  = "arXiv",
      primaryClass   = "astro-ph.CO",
      SLACcitation   = "%%CITATION = ARXIV:1807.08516;%%"
}


@article{Aalbers:2016jon,
      author         = "Aalbers, J. and others",
      title          = "{DARWIN: towards the ultimate dark matter detector}",
      collaboration  = "DARWIN",
      journal        = "JCAP",
      volume         = "1611",
      year           = "2016",
      pages          = "017",
      doi            = "10.1088/1475-7516/2016/11/017",
      eprint         = "1606.07001",
      archivePrefix  = "arXiv",
      primaryClass   = "astro-ph.IM",
      SLACcitation   = "%%CITATION = ARXIV:1606.07001;%%"
}


@article{Singh:2018myp,
      author         = "Singh, Manoj Kumar and Singh, Lakhwinder and Agartioglu,
                        Mehmet and Sharma, Vivek and Singh, Venktesh and Wong,
                        Henry Tsz-king",
      title          = "{Constraints on Bosonic Dark Matter with Low Threshold
                        Germanium Detector at Kuo-Sheng Reactor Neutrino
                        Laboratory}",
      collaboration  = "TEXONO",
      journal        = "Chin. J. Phys.",
      volume         = "58",
      year           = "2019",
      pages          = "63-74",
      doi            = "10.1016/j.cjph.2019.01.006",
      eprint         = "1811.11415",
      archivePrefix  = "arXiv",
      primaryClass   = "hep-ex",
      SLACcitation   = "%%CITATION = ARXIV:1811.11415;%%"
}


@article{Armengaud:2018cuy,
      author         = "Armengaud, E. and others",
      title          = "{Searches for electron interactions induced by new
                        physics in the EDELWEISS-III Germanium bolometers}",
      collaboration  = "EDELWEISS",
      journal        = "Phys. Rev.",
      volume         = "D98",
      year           = "2018",
      number         = "8",
      pages          = "082004",
      doi            = "10.1103/PhysRevD.98.082004",
      eprint         = "1808.02340",
      archivePrefix  = "arXiv",
      primaryClass   = "hep-ex",
      SLACcitation   = "%%CITATION = ARXIV:1808.02340;%%"
}



@article{Alemany:2019vsk,
      author         = "Alemany, R. and others",
      editor         = "Jaeckel, J. and Lamont, M. and Vallée, C.",
      title          = "{Summary Report of Physics Beyond Colliders at CERN}",
      year           = "2019",
      eprint         = "1902.00260",
      archivePrefix  = "arXiv",
      primaryClass   = "hep-ex",
      reportNumber   = "CERN-PBC-REPORT-2018-003",
      SLACcitation   = "%%CITATION = ARXIV:1902.00260;%%"
}


%@article{Beacham:2019nyx,
%      author         = "Beacham, J. and others",
%      title          = "{Physics Beyond Colliders at CERN: Beyond the Standard
%                        Model Working Group Report}",
%      year           = "2019",
%      eprint         = "1901.09966",
%      archivePrefix  = "arXiv",
%      primaryClass   = "hep-ex",
%      reportNumber   = "CERN-PBC-REPORT-2018-007",
%      SLACcitation   = "%%CITATION = ARXIV:1901.09966;%%"
%}

@article{Hook:2018iia,
      author         = "Hook, Anson and Kahn, Yonatan and Safdi, Benjamin R. and
                        Sun, Zhiquan",
      title          = "{Radio Signals from Axion Dark Matter Conversion in
                        Neutron Star  Magnetospheres}",
      journal        = "Phys. Rev. Lett.",
      volume         = "121",
      year           = "2018",
      number         = "24",
      pages          = "241102",
      doi            = "10.1103/PhysRevLett.121.241102",
      eprint         = "1804.03145",
      archivePrefix  = "arXiv",
      primaryClass   = "hep-ph",
      reportNumber   = "LCTP-18-09, PUPT-2558",
      SLACcitation   = "%%CITATION = ARXIV:1804.03145;%%"
}

@article{Pshirkov:2007st,
      author         = "Pshirkov, M. S. and Popov, S. B.",
      title          = "{Conversion of Dark matter axions to photons in
                        magnetospheres of neutron stars}",
      journal        = "J. Exp. Theor. Phys.",
      volume         = "108",
      year           = "2009",
      pages          = "384-388",
      doi            = "10.1134/S1063776109030030",
      eprint         = "0711.1264",
      archivePrefix  = "arXiv",
      primaryClass   = "astro-ph",
      SLACcitation   = "%%CITATION = ARXIV:0711.1264;%%"
}

@article{Safdi:2018oeu,
      author         = "Safdi, Benjamin R. and Sun, Zhiquan and Chen, Alexander
                        Y.",
      title          = "{Detecting Axion Dark Matter with Radio Lines from
                        Neutron Star Populations}",
      journal        = "Phys. Rev.",
      volume         = "D99",
      year           = "2019",
      number         = "12",
      pages          = "123021",
      doi            = "10.1103/PhysRevD.99.123021",
      eprint         = "1811.01020",
      archivePrefix  = "arXiv",
      primaryClass   = "astro-ph.CO",
      reportNumber   = "LCTP-18-22",
      SLACcitation   = "%%CITATION = ARXIV:1811.01020;%%"
}

@article{Huang:2018lxq,
      author         = "Huang, Fa Peng and Kadota, Kenji and Sekiguchi, Toyokazu
                        and Tashiro, Hiroyuki",
      title          = "{Radio telescope search for the resonant conversion of
                        cold dark matter axions from the magnetized astrophysical
                        sources}",
      journal        = "Phys. Rev.",
      volume         = "D97",
      year           = "2018",
      number         = "12",
      pages          = "123001",
      doi            = "10.1103/PhysRevD.97.123001",
      eprint         = "1803.08230",
      archivePrefix  = "arXiv",
      primaryClass   = "hep-ph",
      reportNumber   = "CTPU-PTC-18-08, RESCEU-7-18",
      SLACcitation   = "%%CITATION = ARXIV:1803.08230;%%"
}

@article{Abe:2018owy,
      author         = "Abe, K. and others",
      title          = "{Search for dark matter in the form of hidden photons and
                        axion-like particles in the XMASS detector}",
      collaboration  = "XMASS",
      journal        = "Phys. Lett.",
      volume         = "B787",
      year           = "2018",
      pages          = "153-158",
      doi            = "10.1016/j.physletb.2018.10.050",
      eprint         = "1807.08516",
      archivePrefix  = "arXiv",
      primaryClass   = "astro-ph.CO",
      SLACcitation   = "%%CITATION = ARXIV:1807.08516;%%"
}

@article{Aalbers:2016jon,
      author         = "Aalbers, J. and others",
      title          = "{DARWIN: towards the ultimate dark matter detector}",
      collaboration  = "DARWIN",
      journal        = "JCAP",
      volume         = "1611",
      year           = "2016",
      pages          = "017",
      doi            = "10.1088/1475-7516/2016/11/017",
      eprint         = "1606.07001",
      archivePrefix  = "arXiv",
      primaryClass   = "astro-ph.IM",
      SLACcitation   = "%%CITATION = ARXIV:1606.07001;%%"
}

